3358 4690
463 231 1220 312 LOSSENSJSMJIJI.
1406 257 1480 352 23}

206 333 267 411 sed
280 332 455 413 exaudito
470 333 629 408 tumultu
642 384 656 425 ,
669 333 703 406 se
722 337 759 406 in
778 332 925 406 latebras
946 331 1149 436 abdiderat3
1169 331 1424 432 Comitemque
1442 361 1480 409 vr

209 461 256 510 co
308 453 349 508 nt
375 431 670 527 se'concomitari
697 432 740 504 ad
764 431 874 504 Probi
908 430 1050 505 Scabini
1079 432 1170 505 aedes
1200 430 1401 528 :quodue
1435 433 1480 508 fit

151 583 164 614 ο
209 535 243 608 Α
270 540 416 610 vocatus
433 528 706 620 Trudonensrs,
735 531 793 602 cui
814 553 859 602 ex
878 527 1001 602 officio
1018 531 1225 620 incumbat,
1250 457 1477 605 srOdiciales

207 631 452 710 Dominorum
470 629 603 704 fuerint
622 629 659 702 iu
676 625 840 716 defectu,
857 623 1096 699 administrare
1109 627 1478 722 Jullitiam,tribuni·

208 727 429 826 tidquddam
449 727 665 812 authoritate
683 777 697 816 ,
723 724 781 798 scu
798 721 919 824 potitis
935 722 1138 824 ¹arrogantia
1155 725 1328 826 adigunt,
1345 747 1385 818 ut
1404 728 1479 825 pri·

208 849 287 903 mus
303 825 451 900 domum
472 825 615 898 Scabini
633 825 688 896 vir
716 824 735 896 ἢ
752 823 867 896 feriat.
892 821 1026 896 Nullus
1043 823 1137 922 apud
1153 822 1372 908 inconditam
1383 824 1479 906 mul·

208 921 401 1004 titudinem
420 920 671 1023 tergiversandi
687 847 797 994 iocus.
808 921 843 992 It
857 917 990 992 Comes
1003 919 1062 994 vel
1079 921 1230 1012 invitus,
1247 918 1476 1019 percutitque

210 1019 340 1096 ostium
360 1053 374 1108 3
394 1039 474 1095 tum
491 1019 578 1096 verb
593 1020 758 1092 certatim
777 1019 815 1090 in
831 1017 981 1090 domum
998 1017 1181 1109 involant,
1196 1019 1476 1117 direptamque,
1564 1097 1568 1106 ,

1 1156 2 1180 1
84 1187 95 1208 ,
212 1118 372 1192 sternunt
388 1116 489 1209 solo,
516 1120 725 1214 vineamque
743 1113 852 1188 Probi
865 1117 971 1214 juxta
984 1115 1130 1188 Portam
1151 1115 1392 1214 Scapulensem
1412 1143 1476 1188 cx-

210 1215 362 1290 cidunt.¹
377 1213 540 1318 Regreffi
558 1219 596 1288 in
621 1216 658 1289 Ο
687 1211 810 1312 pidum
830 1263 842 1304 ,
869 1211 1069 1286 Arnoldum
1088 1213 1240 1286 Domini
1257 1211 1412 1286 Roberti
1430 1215 1476 1286 de

211 1312 372 1394 Glinden
390 1312 531 1405 filium,
547 1311 644 1386 nulla
660 1239 857 1384 iurentibus
900 1309 1025 1383 raebitd
1044 1309 1258 1399 occafione,
1285 1310 1477 1382 crudeliter

211 1411 250 1486 in
266 1411 364 1484 Foro
381 1401 582 1502 trucidant,
601 1407 794 1507 strictisque
809 1335 934 1508 gladiis
950 1407 1111 1482 involant
1129 1410 1166 1479 in
1184 1406 1442 1480 Monasterium
1462 1460 1477 1500 ,

210 1507 366 1606 totisque
380 1507 645 1582 debacchantur
661 1506 807 1580 aedibus.
832 1505 1041 1578 Coenobitae
1067 1523 1234 1578 conantes
1250 1529 1314 1604 per
1332 1500 1481 1578 murum'

211 1605 387 1776 {vadem
418 1605 647 1680 retrahuntur
671 1629 716 1678 ex
741 1603 858 1704 fuga,
882 1602 1119 1702 jubenturque
1142 1600 1321 1677 seminecli
1345 1600 1481 1679 servare

240 1727 326 1776 onn.

265 1800 318 1874 At
334 1799 524 1874 flexamind
539 1800 701 1872 oratione
718 1823 759 1872 ac
777 1796 906 1872 affidua
914 1797 1069 1870 Comitis
1079 1799 1188 1897 opera
1204 1795 1320 1871 sedati
1337 1797 1480 1872 tandem

212 1895 475 1990 multitudine,
503 1897 647 1972 Scabini
672 1896 874 1970 educuntur
890 1895 910 1968 ὲ
930 1893 1089 1968 custodia
1106 1895 1164 1968 die
1181 1893 1334 1994 ejusdem
1353 1895 1480 1970 mensis

217 2018 296 2083 123
324 2020 412 2094 quos
437 1997 605 2084 invitatos
629 1995 674 2067 ad
698 1991 851 2068 mensam
876 1991 1105 2090 coenatosque
1133 1991 1265 2067 Comes
1292 1993 1480 2166 Abbasque

213 2091 411 2167 unasecum
420 2092 571 2192 Oppido
588 2093 686 2164 exire
698 2091 856 2188 jubent,
880 2111 986 2190 atque
1007 2090 1050 2164 ad
1069 2093 1203 2165 tutiora
1223 2091 1398 2165 recedere.
1445 2117 1483 2165 e·

214 2209 374 2361 grunnit·
397 2215 483 2262 mox
500 2209 650 2289 uterque
665 2190 805 2264 Praetor
821 2221 834 2277 3
853 2187 1085 2287 omnibusque
1112 2189 1179 2262 illis
1205 2191 1268 2264 vix
1294 2188 1449 2291 digrcflis
1468 2241 1483 2282 ,

252 2288 405 2387 apitanei
423 2286 651 2362 Plebe'iorum
679 2287 844 2362 tribuunt
868 2313 1011 2360 omnem
1036 2285 1313 2385 jurisdictionem
1332 2340 1345 2379 ,
1365 2287 1482 2360 domi·

211 2389 386 2498 triumque
403 2383 514 2458 Urbis
532 2384 624 2498 adse
640 2385 830 2502 derivant,
848 2387 1124 2504 xPraetoremque
1141 2384 1291 2458 Abbatis
1302 2385 1482 2552 lJoannem

213 2481 1484 2678 llllltftftltlltllalllttlslttliltttsstfllssllffi

266 2678 406 2753 Eodem
423 2703 515 2751 anno
532 2702 599 2778 pro
616 2678 722 2751 Festo
740 2676 864 2752 sanetae
882 2677 1068 2769 Barbara,
1086 2677 1171 2751 ciam
1189 2678 1345 2752 Adamus
1364 2677 1485 2750 Abbas

214 2777 254 2851 in
270 2777 355 2850 villa
372 2775 519 2849 Alhenst
536 2775 702 2875 gravibus
719 2775 763 2848 de
780 2774 888 2850 causis
906 2778 1114 2850 conveniret
1124 2775 1376 2870 Theobaldum
1386 2775 1483 2847 Leo·

217 2873 371 2948 diensem
389 2873 623 2966 Antistitem,
650 2895 817 2947 monetur
832 2879 852 2944 i
871 2872 968 2945 fideli
982 2872 1088 2945 lancti
1106 2873 1291 2947 Trudonis
1307 2871 1451 2946 Cliente
1468 2924 1483 2964 ,
1501 2960 1503 2968 s

197 2993 263 3046 'ne
280 2971 345 3045 ista
372 2970 515 3070 vesperi
533 2969 687 3044 divertat
713 2971 756 3044 ad
774 2995 902 3042 novam
922 2968 1068 3041 Curiam
1089 2977 1160 3064 (eo
1178 2971 1341 3044 Castrum
1359 2969 1482 3044 Abba·

218 3072 264 3238 ps
282 3071 399 3168 primo
418 3067 461 3142 ab
479 3067 582 3142 Urbe
598 3067 715 3238 lsapide
740 3065 900 3239 ceptspftup
925 3064 1100 3238 nomlinel
1111 3067 1169 3180 sed
1184 3067 1320 3238 spcedat
1330 3069 1375 3238 lin
1391 3069 1484 3181 Ker-

207 3165 873 3364 ‘mtbtltffflll'tpltlrltn‘¹
893 3188 1004 3337 ilina
1015 3183 1488 3338 llllaltlnttl

219 3357 350 3452 noste,
367 3363 433 3434 rati
450 3361 483 3434 se
501 3362 551 3434 ibi
568 3383 771 3462 reperturos
790 3361 848 3436 Ab
875 3383 966 3436 atem
985 3413 998 3454 ,
1025 3381 1066 3434 ut
1085 3363 1266 3460 captivum
1283 3359 1460 3434 abducant
1470 3393 1485 3448 3

202 3539 205 3548 Ι
219 3458 279 3533 sed
288 3458 352 3534 illo
361 3458 508 3532 minimd
518 3481 682 3560 reperto,
699 3460 1023 3560 pecorajugulant,
1040 3457 1076 3531 su
1104 3457 1290 3533 ellceiilem
1299 3457 1489 3560 diripiunt,

201 3639 203 3646 ¹
219 3555 429 3654 faciuntque
446 3557 598 3656 praedae,
617 3583 696 3657 quae
713 3557 856 3656 poliunt
872 3558 1001 3630 omnia.
1026 3485 1334 3631 Abbasmaleficos
1343 3559 1461 3631 citata

201 3653 399 3747 ‚Tribunal
416 3655 650 3730 Scabinorurn
667 3656 700 3728 A
726 3654 885 3728 uenfium
895 3706 908 3748 ,
927 3651 1124 3754 Episcopus
1133 3654 1322 3753 Oppidum
1339 3655 1489 3728 interdi-

220 3755 275 3829 cit
291 3753 406 3827 Sacris
423 3803 436 3846 ,
463 3751 689 3854 Pastoresque
702 3681 931 3853 diffugiunt,
957 3775 998 3825 ac
1026 3775 1118 3824 anno
1135 3745 1302 3852 proximo
1321 3750 1488 3828 Officalis

219 3847 426 3926 Leodienlis
443 3851 768 3925 Wautermannum
788 3873 870 3924 eum
894 3847 960 3923 suis
977 3846 1177 3948 refipisccre
1201 3849 1383 3926 nolentem
1402 3850 1489 3926 ferit

96 4011 105 4043 ι
202 3949 445 4024 anathemate
472 3976 481 4022 ε
500 3947 656 4048 cumque
674 3945 801 4022 frustri
816 3945 935 4022 forent
952 3949 1102 4040 omnia,
1129 3947 1422 4049 obstinallentque
1447 3951 1487 4022 ln

222 4045 317 4143 malo
331 4047 513 4142 minum,
529 4045 762 4127 Theobaldus
780 4044 1003 4150 Episcopus,
1020 4044 1058 4126 δε
1074 4045 1392 4248 Adamugazbbas,
1410 4044 1490 4138 Adf
1593 4081 1596 4088 ·
