3358 4690
257 195 332 290 rsa
563 235 566 244 ·
659 222 901 298 trrnro
926 222 961 297 R
986 225 1070 297 [Α

255 314 443 392 voluntate
462 311 562 392 suiss‘e
579 317 772 420 supparem.
792 323 887 395 ¹Erat
905 326 1000 394 enim
1020 323 1130 394 homo
1155 306 1524 412 libidini,·scortati0·'

260 413 364 487 nibus
383 467 396 507 ,
421 415 622 510 adulteriis,
640 419 788 492 incestui
805 420 894 494 adeb
910 417 1077 512 deditus,
1101 437 1144 492 ut
1160 421 1223 492 vix
1240 443 1351 494 unum
1368 419 1525 516 aliquem

256 507 557 590 suorum'haberet
576 516 884 610 Ministerialium‚
905 523 1004 619 cujus
1020 541 1171 591 uxorem
1189 537 1250 590 aut
1267 515 1375 588 filiam
1387 541 1461 588 non
1470 540 1524 590 at-

258 613 406 684 tentarit
420 615 573 688 violare:
586 633 652 688 nec
667 615 854 690 discrimen
871 615 1022 692 faciebat
1034 618 1300 689 intermatrem
1319 635 1381 688 aut·
1400 613 1527 706 filiam,

259 712 460 784 maritatam
477 732 537 785 aut
553 711 711 786 liberam.
738 715 994 789 Tantideinde
1012 715 1049 786 in
1066 711 1223 786 subditos
1239 710 1372 791 saevitii
1389 709 1427 783 &
1444 736 1527 784 cru-
1546 753 1549 760 =
1577 771 1581 778 .

258 804 408 880 delitare
417 812 561 902 extitit,
579 832 620 884 ut
630 814 667 884 in
685 813 912 910 proverbium
923 813 1070 903 abierit,
1086 830 1233 908 totaque
1248 807 1528 913 Apchidioecefis

260 902 484 980 Colonienfis
502 907 546 980 de
563 933 607 981 eo
623 909 735 984 veluti
746 909 924 984 Mesantio
935 911 1088 1009 quodam
1106 935 1178 982 con
1202 927 1345 984 ueretur
1361 907 1418 980 vel
1427 909 1521 980 Pha·

261 999 394 1096 larido,
410 1026 572 1106 tempore
589 1005 780 1085 schismatis
790 1011 943 1108 parentis
954 1007 1035 1084 Sedi
1055 935 1275 1106 Aposttilicae
1293 1009 1392 1082 omni
1409 1002 1529 1104 perse-

262 1105 451 1176 cutionum
469 1103 703 1180 infestabatur
717 1130 847 1218 genere
858 1141 869 1195 3
882 1107 998 1206 plures
1018 1106 1224 1180 Sacerdotes
1241 1105 1308 1178 suis
1322 1106 1444 1204 exegit
1460 1103 1528 1178 do·
1549 1181 1576 1203 1,

261 1201 426 1292 miciliis,
446 1203 613 1301 quosdam
633 1207 758 1280 inval1t
776 1237 789 1292 3
809 1205 978 1278 misellam
990 1203 1151 1305 *nostram
1177 1201 1379 1278 Loffensem
1397 1203 1526 1300 couju-

261 1320 345 1395 gem
364 1297 458 1372 suam
477 1311 662 1374 teterrimo
682 1301 825 1375 inclusrt
840 1328 1002 1396 carcere,
1047 1301 1140 1376 uoad
1157 1304 1270 1395 vixit,
1289 1317 1354 1374 nec
1372 1297 1540 1373 familia-¹

262 1399 308 1467 ris
326 1397 465 1470 Medici
485 1398 650 1497 precibus
665 1399 790 1472 induci
835 1403 959 1494 otuit,
987 1403 1145 1498 quamvis
1163 1398 1207 1474 ab
1225 1425 1269 1473 eo
1283 1400 1439 1472 monitus
1460 1396 1526 1472 fibi

259 1513 415 1567 mortem
433 1497 616 1569 imminere
626 1425 944 1596 praesentislimam,
962 1518 1004 1572 ut
1013 1523 1096 1572 cum
1113 1497 1297 1572 earediret
1316 1497 1528 1598 ingratiam,

262 1589 485 1691 indignisque
504 1594 686 1669 exolveret
702 1596 864 1668 vinculis.
895 1595 971 1692 Qri
998 1595 1167 1669 Medicus
1193 1594 1286 1670 cum·
1298 1619 1419 1694 preces
1436 1619 1530 1691 quo-

260 1712 331 1860 que
356 1715 422 1788 pro
450 1694 595 1791 captivo
614 1692 767 1791 quodam
794 1695 909 1768 milite
926 1697 1202 1794 interponeret,
1229 1691 1532 1794 respondissetque

157 1791 179 1806 '
297 1813 416 1880 omes,
435 1787 469 1862 se
486 1793 571 1864 vivo
589 1790 693 1864 istum
704 1791 797 1864 haud
814 1791 1032 1865 liberandum
1043 1825 1057 1880 3
1068 1793 1307 1898 imperterrite
1325 1789 1529 1888 subjunxit:

263 1885 419 1980 Crastino
433 1889 532 1982 igitur
547 1889 596 1960 die
614 1893 692 1963 liber
705 1892 821 1962 evadet
837 1941 850 1982 ,
877 1916 938 1963 nan
957 1897 1040 1964 errim
1055 1893 1107 1962 illi
1117 1889 1318 1986 stepervives.
1345 1885 1458 1978 Qrod
1476 1888 1532 1960 ita
1556 1901 1561 1914 ’
1634 1969 1637 1979 ,

260 1985 418 2082 contigit
435 2016 447 2068 3
476 1983 534 2072 sed
550 1986 631 2069 audi
650 1986 798 2061 similem
814 1993 899 2062 vitae
916 1987 960 2060 ad
977 1985 1013 2060 su
1041 2012 1177 2062 remum
1196 1986 1296 2062 illum
1315 1985 1532 2059 terribilem-

260 2105 329 2180 que
348 2083 473 2158 tnortis
489 2084 583 2159 diem
600 2089 905 2184 praepatationem.
930 2015 1078 2178 Jacebat
1095 2087 1287 2159 moriturus
1304 2085 1341 2156 in
1359 2082 1434 2156 finu
1451 2107 1532 2154 ma-

260 2201 407 2272 tronae,
434 2208 540 2280 quam
556 2185 634 2256 viro
653 2182 714 2256 suo
733 2184 920 2257 abstulerat
938 2215 951 2271 3
972 2181 1127 2283 cumque
1147 2183 1208 2258 illa
1225 2184 1362 2258 diceret
1381 2201 1390 2248 τ
1411 2181 1528 2283 Qid·

259 2305 358 2371 nam,
375 2283 541 2374 Domine,
553 2298 584 2352 te
601 2291 845 2354 metuesaetura
853 2281 929 2378 sum
949 2279 1182 2383 ?Respondit
1200 2305 1209 2351 :
1227 2283 1346 2356 Nubes
1361 2279 1537 2374 egregie&¹

251 2379 371 2475 juveni
395 2384 492 2469 milite
511 2431 524 2472 ,
551 2403 680 2474 quocum
687 2380 808 2476 straves
823 2381 920 2452 duces
935 2389 1066 2468 noeter3
1086 2401 1192 2478 atque
1208 2381 1247 2453 in
1263 2379 1342 2452 lraec
1358 2376 1465 2452 verba
1482 2373 1545 2462 fis

256 2479 359 2550 niens
384 2479 496 2555 vitam
525 2477 792 2568 execrabilem,
819 2479 980 2560 euomuit
998 2481 1162 2552 animam.
1188 2477 1295 2551 Uxor
1317 2473 1420 2549 soedo
1439 2499 1536 2550 mox.

262 2573 389 2649 edueta
406 2599 547 2648 carcere
564 2575 697 2648 foetore
723 2576 764 2648 ὃ(
781 2575 848 2649 situ
865 2574 1061 2672 squallida,
1082 2577 1275 2676 caeterique
1296 2573 1430 2674 captivi
1447 2573 1530 2646 vin-

255 2673 353 2748 ¹culis
378 2671 518 2765 soluti,
540 2674 703 2773 ingentes
730 2674 861 2747 divinae
889 2673 1037 2748 Nemesr
1063 2697 1232 2776 peregere
1258 2675 1397 2774 gratias.
1422 2673 1533 2746 Noe«

261 2775 341 2864 illei,
360 2773 476 2870 inquit
493 2769 663 2843 Caesorius
673 2823 691 2862 „
704 2773 773 2867 qui
783 2771 896 2867 infelix
911 2775 964 2844 ille
977 2799 1015 2844 ex
1031 2776 1092 2846 hae
1107 2779 1182 2846 vita
1197 2773 1343 2866 abreptus
1359 2769 1424 2864 est,
1440 2769 1532 2842 San-

262 2873 437 2943 timonialir
452 2869 643 2964 Menesterii
659 2873 703 2943 S,
713 2871 875 2944 Mauritii
893 2873 1028 2942 Coloniae
1045 2871 1131 2943 vidit
1147 2875 1238 2943 illum
1251 2875 1287 2942 in
1301 2873 1401 2963 extast
1416 2867 1530 2938 detru-

254 2966 331 3064 fiem
355 2969 402 3039 ad
423 2968 570 3064 inferos,
596 2969 719 3063 tentique
748 2969 791 3050 ἐφ’,
814 2968 1029 3059 ardentifflmei
1049 2967 1278 3067 olleijrrtluſsem
1296 2991 1365 3038 cum
1383 2961 1529 3056 sirenue

264 3067 468 3156 Maxentio,
492 3067 579 3160 cujus
602 3063 769 3160 obscenam
791 3071 898 3138 vitem
921 3067 1383 3162 crudelitatemqueaemulatus
1399 3061 1533 3158 fuerat.

261 3165 323 3237 ,Ad
343 3165 422 3236 haec
439 3161 601 3250 diabolus
618 3164 723 3235 militi
734 3157 925 3264 aegrotanti
942 3162 1071 3237 visibili
1080 3161 1202 3236 sormi
1216 3163 1401 3262 apparuit3
1421 3182 1530 3330 rogae

263 3261 327 3336 tus
345 3287 389 3336 ue
417 3262 511 3334 inter
536 3279 663 3334 cetera
688 3261 762 3358 quo
787 3260 978 3334 devenisset
1005 3263 1121 3334 anima
1146 3257 1307 3333 Comitis.
1328 3281 1440 3356 nuper
1490 3280 1533 3330 e·
1664 3335 1672 3352 ⁸

214 3443 217 3450 Δ
261 3289 376 3434 sunbi
396 3391 409 3447 3
430 3357 612 3457 respondit
626 3409 644 3449 ,1
664 3381 740 3430 eam
769 3358 863 3457 apud
889 3357 1020 3431 inferos
1044 3359 1194 3432 detineri
1219 3357 1346 3431 balneo
1378 3355 1494 3455 ignito
1516 3405 1539 3447 ,
1660 3366 1673 3454 J

263 3479 470 3557 teternoque
489 3459 660 3530 cruciatu.
688 3461 784 3528 Arme
793 3459 981 3549 preterito,
998 3457 1116 3555 inquit
1133 3455 1193 3530 ille
1212 3451 1533 3547 canonicumque·
1661 3455 1668 3482 ⁴

263 3559 339 3638 dam
355 3562 507 3652 esquenſss
529 3559 641 3628 retersit
658 3554 739 3626 mihi
757 3555 795 3624 de
813 3553 916 3625 eedem
943 3557 1121 3627 Geillielmo
1139 3559 1287 3652 vt'stonem
1311 3555 1380 3630 arb
1399 3553 1530 3624 terribi-

263 3659 336 3740 lem.
361 3653 438 3747 Post
455 3651 691 3748 mettensem
718 3653 910 3747 (inquiebat
926 3655 979 3724 ille
996 3651 1010 3740 )
1028 3653 1153 3726 cuidam
1178 3653 1347 3741 Recluae,
1370 3653 1421 3722 cui
1438 3650 1532 3720 bene-
1657 3627 1676 3692 i

258 3754 406 3851 fecerat,
425 3757 574 3842 apperuit
591 3755 686 3824 vultu
710 3749 812 3822 lurido
827 3773 866 3822 ae
879 3753 1063 3846 macilente,
1079 3751 1219 3846 dixitque
1235 3772 1247 3818 .·
1264 3749 1348 3851 Ego
1367 3743 1442 3820 sunt
1459 3747 1530 3818 mi.-
1654 3721 1674 3778 i

174 3929 178 3935 ,
266 3847 319 3924 ser
336 3845 565 3923 Guillielnnus
583 3847 715 3920 Comes
727 3845 970 3941 Juliacensrs3
983 3873 1072 3945 qaam
1089 3847 1168 3920 dum·
1180 3847 1394 3948 interrogafflt
1411 3846 1447 3917 de
1456 3845 1532 3940 ste·

266 3965 304 4022 tu
314 3947 400 4044 sae,
414 3943 570 4040 respondit
585 3967 597 4013 .·
616 3945 734 4018 Totus
758 3946 889 4038 ardeo,
906 3947 1031 4044 simque
1048 3945 1178 4042 leveffi’t
1195 3943 1531 4040 vestemviliffimam,

266 4049 330 4144 qud
347 4045 520 4124 vietam
537 4042 665 4118 indutus
684 4093 698 4136 ,
707 4043 849 4138 flemme
864 4049 988 4142 erepit,
1010 4069 1136 4142 tutaque
1150 4043 1271 4140 qulatu
1287 4046 1430 4121 maurit.
1449 4043 1536 4144 Gre3
1649 4083 1654 4092 ·

1486 4253 1506 4306 b
