3358 4690
170 333 173 336 ,
260 273 337 352 252
522 237 525 252 ’
699 253 1110 353 HJSrORrA

262 347 486 521 pertraheret
503 349 755 426 Theodericus
773 404 786 443 ,
805 351 941 450 semper
984 351 1177 451 erbenigne
1204 347 1357 441 habuit,
1377 371 1531 448 cumque

258 473 324 547 -pe
342 447 621 522 obtinendarum
640 449 793 548 plurium
812 457 825 545 (
835 449 859 522 fi
876 449 940 523 srbi
955 377 1051 524 bona
1069 448 1145 522 ‘sors
1169 445 1338 534 faveret.)
1366 447 1398 518 A
1419 444 1452 520 se
1475 443 1530 518 dib

263 549 409 620 mittens
423 547 598 640 Joannam
624 549 766 619 amitam
786 546 878 620 suam
896 599 909 638 ,
928 551 1166 646 maritumque
1183 549 1259 645 ejus
1277 544 1531 636 Guilielmum,

264 666 347 718 curn
367 643 609 737 filio,‘eodem
629 671 721 716 anuo
745 651 852 738 1461,
871 644 928 717 die
947 669 1005 730 29.
1023 643 1379 735 Oslobris,·donavit
1399 627 1530 715 Domi·-

258 743 331 830 niis
346 741 389 814 de
407 744 600 817 Sonhoven
620 742 656 814 &
674 730 889 833 Hamhae¹st,
909 768 988 842 quae
1008 745 1083 836 iure
1101 762 1261 814 materno
1279 738 1444 814 hasienus
1462 736 1532 811 ob‘-

263 842 417 914 tinuerat
433 893 445 930 ,
464 841 527 914 srbi
552 839 723 914 reservata
741 841 835 913 Arce
852 830 1132 942 Wogelsanchii
1149 891 1162 932 ,
1181 839 1373 934 vicinoque
1398 838 1530 909 Domi·

263 940 325 1010 nio
343 937 387 1010 de
414 939 547 1012 Zuilre.
574 935 857 1036 Litteraehujus
885 939 1099 1011 Donationis
1124 937 1217 1036 apud
1244 933 1359 1034 plures
1375 955 1530 1024 extant,

262 1035 445 1139 rursusque
462 1037 541 1110 illos
557 1038 650 1109 inter
667 1035 831 1109 coaluere
847 1037 956 1109 animi
973 1087 986 1128 ,
1005 1033 1231 1134 firmatusque
1248 1033 1307 1106 ille
1325 1057 1436 1128 nexus
1444 1029 1528 1103 san'-

205 1173 208 1181 ν
262 1135 391 1234 guinis.
416 1135 552 1234 Neque
568 1135 692 1208 enimi
722 1134 894 1206 uorabant
911 1133 1188 1233 Heinsbergium
1214 1131 1330 1204 adhuc
1357 1131 1531 1226 imperare
1560 1155 1564 1162 ·

158 1227 164 1236 ’
262 1231 329 1305 nisr
348 1236 508 1331 precario
527 1239 539 1323 ⁴,
558 1234 764 1330 quantique
791 1229 1042 1306 difficultatum
1060 1229 1292 1302 involvendus
1310 1225 1393 1300 esset
1410 1224 1529 1298 slusii·

262 1328 328 1499 lpus
353 1329 552 1430 priusquam
578 1329 723 1404 elustari
750 1327 863 1426 posset
880 1331 918 1401 in
934 1327 1160 1428 tranquillam
1179 1323 1385 1408 Comitatirs
1404 1313 1530 1422 polles·

278 1452 409 1504 ionem.
1217 1448 1219 1454 ¹
1308 1457 1315 1492 =.·

314 1524 493 1606 Amoldus
519 1523 590 1596 ubi·
608 1521 743 1597 adoluit
770 1521 791 1596 ai
818 1542 941 1603 natura
965 1522 1008 1596 ad
1034 1546 1149 1596 mores
1167 1519 1338 1596 formatus
1366 1519 1529 1610 aulicos,

263 1622 573 1694 commendatione
592 1620 742 1694 ‘illustris
769 1620 973 1720 sanguinis,
994 1619 1098 1694 sacild
1117 1621 1317 1719 penetravit
1343 1619 1381 1690 iu
1401 1617 1530 1693 Aulam

263 1719 378 1794 Ducis
395 1720 592 1794 Brabantiae
602 1751 613 1807 5
625 1719 687 1792 ubi
705 1721 811 1792 etiam
829 1743 947 1792 rerum
966 1717 1099 1792 aeribus
1117 1713 1446 1808 admotus,s0‘lertis
1463 1739 1527 1812 pa·

261 1819 351 1890 riter
375 1837 480 1917 atque
533 1815 688 1892 rudentis
713 1815 922 1890 Administri
946 1815 1281 1894 laudemobtinuit.
1316 1811 1436 1886 Evasit
1461 1809 1530 1912 ipsi

263 1914 479 1990 Wenceslao
497 1845 594 1989 Duci
614 1917 650 1986 in
666 1917 786 2014 paucis
813 1923 936 2007 carus,
955 1912 1185 2012 usqueadeo,
1210 1933 1251 1987 ut
1271 1935 1344 1984 non
1362 1909 1441 1983 rarb
1459 1925 1526 2008 pro

263 2013 370 2084 Duce
386 2013 513 2086 litteris
532 2011 761 2088 subscriberet
802 2012 959 2102 ublicis,
986 2009 1096 2108 ipsius
1115 2034 1159 2082 ue
1179 2012 1323 2083 nomine
1342 2007 1367 2081 li
1395 2009 1524 2082 illaret.

261 2108 492 2208 Posteaquam
510 2135 654 2182 munere
672 2112 751 2183 Dro
779 2109 853 2182 ardi
877 2108 1079 2182 Brabantiae
1090 2037 1236 2181 iundlus
1255 2105 1352 2206 prius
1369 2033 1486 2180 suisset
1505 2123 1525 2196 ',

262 2205 459 2281 felicissime
476 2207 663 2304 aliquando
681 2233 773 2282 anuo
797 2229 836 2303 13
844 2231 903 2304 57.
929 2206 1069 2305 peregit
1094 2208 1280 2306 negotium
1305 2202 1430 2276 summi
1448 2221 1529 2276 mo'·

260 2309 376 2378 menti
395 2307 546 2378 Domini
564 2303 614 2377 sui
631 2330 714 2378 cum
732 2304 787 2377 Le
815 2307 879 2378 atis
896 2295 1076 2377 Ludovici
1096 2302 1232 2378 Malani
1257 2303 1287 2375 F
1288 2300 1432 2374 landriae
1451 2302 1527 2374 Co·

262 2404 382 2496 mitis,
399 2401 592 2502 saepiusque
609 2403 653 2476 ad
670 2427 751 2476 eum
768 2328 949 2504 ablegatus
967 2399 1055 2473 adeb
1071 2399 1279 2499 placuit,ut
1290 2398 1394 2497 ipsius
1414 2397 1526 2472 filiam

262 2501 456 2576 naturalem
477 2500 656 2574 isabellam
669 2500 870 2574 'obtinuerit
888 2523 1061 2586 uxoreru3
1081 2500 1231 2575 Litteris
1249 2497 1376 2570 deinde
1394 2496 1529 2571 Pacis-¹

259 2601 412 2672 'cationis
438 2623 520 2672 cum
547 2598 649 2672 Urbe
673 2595 886 2672 Lovanieusr
911 2623 1003 2670 anno
1036 2606 1142 2694 1361.
1177 2596 1236 2670 die
1263 2619 1320 2680 29.
1355 2591 1526 2668 Osiobri's

262 2696 427 2788 datis,ab
447 2695 523 2795 ipso
541 2695 742 2770 honestatus
758 2695 827 2770 fuit
847 2697 953 2769 Duce
972 2693 1080 2766 titulo
1100 2694 1158 2767 Co
1210 2695 1259 2766 ati
1271 2691 1428 2790 „quibus
1445 2691 1525 2766 sub‘-

260 2794 327 2870 scri
355 2795 427 2867 sere
452 2791 674 2867 Wensessaus
698 2793 818 2885 Dux,
845 2792 1018 2883 Ducilla,
1045 2718 1259 2865 Guilitzlinus
1277 2791 1365 2863 Dux
1377 2789 1485 2882 Juliae
1511 2841 1526 2884 ,

255 2821 446 2966 'Rodertus
462 2890 744 2983 Namurcenfis,
772 2891 929 2992 Dynasta
942 2887 1167 2965 Beaufortius
1186 2940 1199 2980 ,
1215 2889 1373 2982 ’Joannes
1392 2886 1525 2962 Comes

262 2989 447 3064 Salmensrs
462 3003 477 3082 ',
496 2991 675 3064 Arnoldus
693 2981 872 3064 Dominus
896 2989 1096 3062 Rummeus
1114 2985 1151 3059 &
1175 2983 1399 3078 Qraetbehe.
1425 2984 1525 3058 Indi·-

260 3089 423 3188 gitantur
438 3089 475 3160 hi
493 3113 614 3162 omnes
630 3087 880 3187 Cognatorum
897 3087 1011 3160 Ducis
1027 3085 1181 3158 nomine.
1208 3082 1350 3156 Deinde
1365 3082 1526 3182 Reynal·

261 3187 325 3260 dus
342 3188 521 3260 Dominus
541 3185 868 3273 Schoonvorstius,
894 3185 1072 3257 Henricus
1099 3181 1142 3254 de
1161 3179 1382 3254 Beautersem
1404 3233 1417 3274 ,
1443 3184 1524 3255 Do·

120 3257 125 3268 ¹
191 3305 193 3310 ’
254 3287 377 3360 ‘minus
392 3287 586 3384 Bergarum
613 3283 655 3356 ad
674 3283 835 3356 Zomam.
863 3282 955 3356 Non
973 3283 1095 3378 potuit
1113 3281 1151 3351 in
1175 3277 1236 3351 illa
1260 3279 1374 3352 Ducis
1399 3281 1524 3390 digua-

262 3383 382 3474 tione,
402 3385 488 3482 quin
506 3375 544 3454 8<
562 3381 678 3480 ampla
693 3381 896 3454 divitiarum
913 3379 955 3452 ad
973 3377 1074 3450 illum
1083 3376 1185 3450 fieret
1202 3374 1350 3448 acceffio
1368 3405 1376 3450 :
1396 3398 1524 3452 utnon

261 3481 350 3554 adeb
368 3480 501 3554 temere
520 3477 676 3580 aspirasse
694 3503 836 3577 quoque
850 3477 1012 3552 videatur
1020 3475 1063 3548 ad
1073 3473 1277 3549 comitalem
1296 3471 1524 3580 dignitatern,

167 3607 171 3612 ‘¹
261 3577 472 3660 nisrnimius
490 3580 603 3652 Ducis
621 3575 788 3650 obfuisset
805 3575 924 3666 favor,
940 3573 1179 3672 invidiamque
1196 3573 1407 3645 aemulorum
1426 3571 1523 3644 mille
1557 3655 1561 3663 .

182 3677 184 3683 “
259 3675 509 3773 obsequiorum
527 3699 656 3776 genere
663 3677 807 3750 vincere
823 3675 1003 3774 potuerit,
1021 3673 1076 3745 uti
1085 3671 1226 3745 dicetur
1242 3669 1336 3743 libro
1353 3667 1523 3768 sequenti.

216 3797 220 3806 ’
311 3773 431 3846 Maria
448 3773 545 3845 soror
559 3778 634 3873 ejus
649 3772 903 3872 nupsitJoanni
919 3768 1078 3845 Dinallae
1095 3767 1286 3858 Hamali0,
1299 3771 1403 3866 juxta
1417 3764 1522 3839 Tun·-

258 3873 383 3970 grim,
409 3869 471 3942 ubi
489 3871 526 3941 in
543 3871 650 3944 Odeo
668 3870 839 3944 Ecclesiae
863 3867 1058 3970 parochiali
1082 3867 1227 3967 sepulta.
1253 3863 1391 3938 Habuit
1406 3887 1452 3936 ex
1475 3885 1521 3936 eo

258 3969 436 4068 geminam
449 3966 609 4066 prolem,
629 3969 864 4042 Guilielmum
875 3967 1103 4056 Hamalium,
1123 3965 1161 4037 ὃς
1177 3965 1342 4038 Mariam.
1361 3962 1522 4035 lllecum

257 4066 435 4184 avunculo
460 4064 656 4144 decertavit
675 4064 895 4176 aliquamdiu
920 4065 1024 4175 umis
1046 4063 1091 4142 de
1116 4061 1305 4176 Comitatu
1328 4059 1486 4140 Louenu
1506 4082 1526 4174 J,
1579 4091 1586 4098 ··
