3300 4728
265 183 342 260 2ss
680 162 924 261 nstro
950 184 986 258 n
1011 185 1096 260 [A

263 275 445 358 miriensis
464 271 542 354 satis
561 275 760 382 elegantem
783 282 821 358 δε
837 281 1076 383 splendidam,
1093 277 1137 355 ad
1146 279 1317 382 majorem
1325 281 1560 370 vmustateui

265 380 305 453 dt
325 377 558 452 commodum
575 401 619 452 ex
639 405 776 480 nupero
794 379 1031 455 resuscitatam
1051 377 1218 456 inccndio
1234 383 1412 468 inhabitat
1423 387 1560 462 adim·

266 481 305 553 t'a
322 473 494 550 sexcentis
514 477 659 551 circiter
677 475 825 578 patlibus
842 499 1039 570 remotam,
1059 469 1181 578 posted
1199 479 1370 554 aedificari
1389 485 1562 584 coeptad

267 573 1562 681 DominisdeHorion,'uxtasuamfeudalcmCuriam‚immigraritque

269 691 353 745 cum
374 669 448 745 lilia
465 673 597 747 herede
622 675 659 746 in
674 601 860 748 lamiliam
886 674 933 747 de
949 673 1070 748 Hoen.
1098 663 1362 769 Felileoanna
1386 675 1437 750 de
1453 681 1561 773 Los,

269 765 586 864 Amoldi‘mater‚
644 790 700 844 uae
718 771 808 844 hanc
833 769 903 846 suae
931 769 1068 844 cladem
1087 769 1231 846 Domtis
1257 776 1395 848 maturi
1433 797 1563 851 morte

269 881 525 966 praevcrterat,
540 891 606 941 nec
667 869 772 942 nesta
790 869 846 942 isti
864 869 1036 969 tragedia
1052 865 1166 943 adsuit
1183 921 1197 962 ‚
1216 867 1251 944 se
1277 870 1351 944 ulta
1369 871 1434 946 sub
1459 897 1559 948 mar·

270 975 396 1038 moreo
416 967 527 1066 cippo
545 969 584 1040 in
604 965 763 1042 Ecclesia
780 964 825 1040 de
850 969 1048 1058 Orientem
1067 964 1214 1041 Ordinis
1269 967 1496 1064 istercienfiq
1519 975 1557 1048 in

273 1085 379 1160 quam
396 1060 567 1138 munifica
579 1063 928 1165 fuerat,Ordinique
937 1064 1096 1166 apprime
1107 1061 1267 1159 addicta,
1278 1087 1361 1142 cum
1378 1067 1455 1143 hoc
1473 1073 1555 1171 epi·

122 1247 128 1252 ¹
271 1159 456 1260 glaphio:

357 1301 504 1448 Hier
521 1299 700 1452 liggen
731 1283 1002 1451 begraven
1029 1285 1157 1408 heer·
1184 1293 1404 1408 Willem
1443 1333 1551 1408 van

273 1461 412 1578 Urle
457 1547 472 1594 ‚
515 1461 641 1582 heer
669 1472 774 1608 van
805 1469 1122 1591 Rummen,
1145 1457 1305 1576 'ende
1332 1499 1551 1578 wrauwe

210 1765 212 1770 v
267 1631 445 1794 Jenne
473 1673 579 1780 van
619 1631 944 1796 Quaetbeck
970 1628 1070 1788 syn
1099 1637 1307 1786 wettige
1336 1669 1551 1748 wrauwc

275 1803 447 1956 wylen
462 1889 476 1934 ,
492 1801 579 1919 die
591 1843 689 1920 was
704 1810 913 1959 wettige
931 1797 1164 1916 dochter
1176 1807 1356 1916 Greve
1370 1797 1549 1917 Aerdt

274 2005 379 2082 van
439 1979 648 2100 loen,
691 1967 830 2087 ende
873 1977 1147 2085 Gravinne
1205 1973 1544 2124 Margarite,

258 2129 424 2250 -Heer
452 2133 627 2254 Aerdt
655 2137 779 2257 haer
807 2133 1014 2296 beyder
1055 2133 1183 2254 soen
1219 2133 1544 2268 dewe'erke,

275 2303 425 2422 Heer
464 2345 569 2427 van
601 2304 884 2434 Rummen
914 2342 1024 2466 was.

324 2541 469 2616 isabella
485 2541 664 2636 Flandra,
688 2541 810 2616 audito
828 2559 900 2617 tam
919 2539 1010 2618 tristi
1028 2539 1065 2616 dc
1084 2541 1212 2618 acerbo
1231 2543 1383 2634 nuntio,
1398 2543 1541 2618 conces·

166 2657 209 2738 3·
274 2630 318 2712 sit
335 2640 378 2712 ad
397 2660 532 2740 patrem
551 2639 650 2714 suum
668 2642 705 2712 in
725 2638 948 2732 Flandriam,
966 2639 1030 2713 ubi
1048 2653 1129 2736 non
1147 2637 1264 2713 multb
1287 2640 1366 2738 post
1378 2667 1542 2716 moerore

274 2737 461 2812 contabuit
480 2759 489 2806 :
506 2735 600 2812 unde
616 2735 654 2812 &
671 2735 871 2815 Rummeus
888 2740 926 2812 in
942 2762 1064 2838 graves
1082 2763 1165 2812 cum
1175 2737 1296 2811 socero
1308 2739 1435 2812 incidit
1452 2764 1540 2814 con·

107 2843 109 2852 '
273 2834 458 2910 troversras
476 2837 613 2912 ratione
631 2835 724 2912 dotis
750 2838 914 2927 uxoriae,
942 2832 1102 2936 adebque
1118 2833 1260 2910 summis
1278 2835 1337 2909 ille
1355 2838 1541 2912 intricatus

273 2931 465 3024 molestiis,
484 2934 610 3033 quibus
627 2933 721 3010 haud
737 2957 811 3011 erat
829 2935 1067 3037 perferendis,
1108 2933 1275 3007 raescrtim
1303 2933 1541 3009 deserentibus

272 3043 355 3102 eum
383 3030 610 3131 undiquaque
635 3036 756 3110 amicis
784 3067 799 3122 ς
850 3030 993 3132 ubdque
1018 3027 1051 3104 se
1079 2959 1305 3105 iacultatibus
1332 3033 1540 3106 exhaustum

273 3141 463 3220 cerneret,
490 3155 573 3206 cum
604 3132 722 3202 animo
749 3130 811 3204 suo
826 3061 951 3205 latuit
972 3129 1093 3230 potius
1113 3127 1219 3228 quim
1237 3129 1308 3201 alib
1323 3129 1366 3202 ad
1385 3129 1540 3204 clemen·

139 3241 143 3251 '
229 3305 235 3316 ,
271 3221 359 3299 tiam
386 3220 556 3326 Episcopi
585 3220 810 3325 &Capituli
837 3227 1033 3328 confugere
1059 3225 1179 3326 :quod
1199 3225 1316 3300 multb
1334 3225 1470 3302 fecisset
1487 3229 1540 3300 ci·

272 3319 365 3417 tilis,
383 3323 447 3398 nisi
464 3351 576 3418 uxor,
598 3323 725 3400 mulier
744 3324 949 3401 ambitionis
968 3325 1095 3438 plena,
1112 3319 1290 3422 virilisque
1310 3323 1448 3422 prorsus
1469 3325 1542 3398 ani·

271 3424 344 3516 mi,
363 3447 443 3498 eum
456 3423 635 3500 studuisset
643 3429 822 3518 auertere,
843 3417 1540 3526 qubdntmisquampatris&Wenceslai

323 3523 445 3594 tentiae
463 3513 602 3598 fideret.
629 3521 696 3598 Illa
715 3525 827 3624 igitur
844 3519 1061 3623 praemortui
1077 3571 1091 3613 ,
1119 3521 1321 3596 Rummeus
1341 3518 1380 3594 &
1404 3521 1539 3595 Hama-

180 3691 184 3696 ,
287 3609 338 3688 ius
366 3619 652 3719 anno'proximo
691 3621 862 3698 Oratores
896 3623 1046 3694 mittunt
1074 3618 1286 3709 Leodium'‚
1311 3619 1373 3716 qui
1402 3643 1476 3692 rem
1493 3617 1539 3691 ab
1635 3643 1636 3690 i

97 3722 111 3752 ⁸
271 3737 343 3812 ovo
360 3711 650 3812 discutiendam,
682 3722 825 3821 'ureque
852 3715 1153 3794 determinandam
1182 3713 1350 3790 offerunt.
1376 3711 1536 3814 Excepti

271 3802 453 3907 auditique
477 3815 622 3914 perbeni
651 3842 696 3889 ne
722 3817 760 3892 bc
776 3817 979 3894 humaniter
995 3811 1238 3913 ,habitaeque
1259 3837 1342 3886 cum
1363 3811 1494 3888 eisdem
1515 3810 1539 3886 d
1635 3817 1636 3824 ’

270 3899 461 4027 designatis
484 3909 528 3984 ab
556 3842 738 4014 Epiicopo
769 3917 859 4015 juris
889 3911 1072 4012 utriusque
1119 3903 1376 4012 consultislimis
1413 3907 1538 4002 conse·
1634 3931 1636 3982 l

270 4013 418 4106 tent1ae2
437 4004 563 4114 quibus
580 4001 724 4090 tandem
741 4013 780 4090 iu
795 4013 856 4092 has
872 4003 1038 4114 peremis
1062 4012 1165 4111 pacis
1178 4007 1217 4086 &
1233 4005 1442 4085 concordiae
1450 4015 1541 4106 pac-g
