3298 4690
385 287 1140 367 LOSSENSIS.Lib.VI.¹
1281 305 1387 382 137·
1537 327 1540 336 '

92 383 290 458 adulteram
308 384 419 460 vitam
463 384 576 478 luros,
595 407 673 459 tum
692 383 927 460 Ecclefiastici
938 439 951 480 ,
971 385 1237 462 tumsaecuiares
1245 387 1349 462 Prin·
1370 442 1372 448 .

89 487 186 582 cipes.
211 485 296 556 Hos
315 483 407 556 inter
424 411 615 556 iiaiduinus
633 483 912 578 Cantuarienfis,
931 483 968 556 δε
993 485 1160 585 Rogems
1180 484 1349 560 Camera-
1376 561 1380 568 ,

87 581 187 653 cenfis
204 579 401 748 Episcoffss
418 581 605 680 Philippus
622 579 795 654 Flandriae
813 631 827 673 ,
853 581 1083 655 Theobaldus
1102 581 1290 676 Blesenfis,
1310 584 1349 658 bc

86 677 256 750 Gerardus
274 678 337 750 Lo
364 676 453 750 cnfis
470 677 632 751 Comites
653 705 662 751 :
681 699 786 776 atque
804 679 864 752 hic
908 677 1021 754 iiffimi
1039 677 1247 753 Conditoris
1258 685 1367 756 Mo·-

84 775 211 847 nasterii
231 774 510 848 Herkenrodani
528 777 614 848 vitae
629 778 744 848 exitus
761 776 842 849 fuit.
902 779 1020 848 xuviae
1038 777 1135 876 ejus,
1153 798 1195 850 ut
1211 780 1348 854 Monu-

28 943 29 946 ,
84 892 236 945 mentum
253 871 415 964 indicat,
437 895 483 946 ex
504 873 594 946 Sirio
610 873 730 946 relatae
751 873 1047 966 Herkenrodam,
1065 873 1197 948 ibidem
1206 873 1355 952 beatam·

27 1064 28 1067 Ἴ
84 967 263 1068 expestant
280 971 602 1044 immortalitatem.
628 969 841 1042 Chronicon
856 969 1089 1044 Trudonense
1106 969 1224 1060 addit,
1236 973 1349 1062 Chris-

26 1081 28 1152 j
84 1071 204 1158 tinans,
221 1068 318 1164 iongd
337 1069 489 1164 obsidione
507 1072 685 1140 Civitatem
701 1067 1021 1162 Acconfieperatum,
1039 1071 1101 1139 tali
1117 1071 1223 1160 cepnffe
1237 1070 1343 1141 candi·
1381 1143 1385 1158 ,

84 1167 182 1252 tiore,·
195 1183 230 1236 nt
247 1169 385 1259 Pagani
394 1165 502 1261 finivis
518 1168 693 1258 corporibus
709 1163 896 1260 abscedant,
913 1167 1044 1238 Crucem
1061 1167 1199 1238 Domini
1214 1167 1346 1259 cedant,
1367 1249 1375 1264 ,

88 1261 271 1356 Christianos
296 1267 440 1358 captivos
463 1265 610 1336 libertate
626 1264 749 1336 donent.

86 1456 193 1531 Maria
217 1459 351 1532 Gebicn
374 1461 466 1554 ipfins
489 1483 589 1552 uuor,
605 1421 701 1556 quim
724 1462 912 1552 liberorum,
929 1471 999 1533 tarn
1013 1457 1163 1554 fecunda
1185 1462 1348 1536 nuatum

646 1579 773 1652 parens.

87 1748 194 1928 ILla
208 1750 333 1854 nupfit
352 1752 536 1844 Gerardo,
556 1751 695 1850 fuitque
712 1753 864 1827 Henrici
882 1751 1156 1851 hujus.nominis
1168 1756 1346 1851 primi,in
1364 1793 1370 1804 ·
1390 1813 1393 1820 .

133 1848 248 1924 ordine
258 1853 361 1926 tertii
373 1851 508 1924 Gelriae
518 1849 687 1942 Comitis,
706 1849 778 1922 fitia
791 1899 805 1941 ,
819 1875 864 1922 ex
874 1849 1015 1924 Scinara
1023 1851 1222 1924 Brabantiae
1233 1853 1347 1927 Ducis

88 1939 170 2038 filia,
187 1948 362 2061 quamilli
381 1949 581 2048 Scriptores
599 1946 719 2022 cundi
738 1945 923 2038 tribuunt,
939 1948 1114 2046 duxitque
1130 1973 1223 2028 anno
1237 1973 1343 2050 1135.

87 2040 181 2136 bn,
200 2048 323 2147 inquit
341 2045 470 2120 isacius
488 2048 668 2119 Fontanus
687 2043 749 2118 lib.
766 2053 791 2119 6
795 2103 802 2117 .
820 2045 991 2118 Histotiae
1009 2045 1193 2139 Gelricae‚
1219 2049 1347 2124 Pontus

87 2137 265 2236 ibenterm,
297 2147 505 2234 Grannuius,
529 2141 730 2240 Reusnerus,
747 2144 789 2224 Θ
817 2144 878 2216 alii
898 2141 1044 2238 scribunt
1070 2145 1233 2240 Godefridi
1256 2149 1349 2220 tertii
1404 2187 1408 2195 ·

87 2236 264 2314 brabantiae
283 2242 389 2313 Ducis
395 2239 527 2334 filiam
548 2265 607 2334 quo
621 2243 732 2313 venient
748 2241 834 2326 moda
850 2265 921 2312 eum
932 2239 1121 2332 [mentium
1144 2248 1228 2316 tueri
1251 2261 1347 2338 spute-

87 2336 164 2426 tint,
179 2339 379 2436 baudfarilb
393 2339 495 2410 video.
521 2339 615 2410 Nam
621 2337 704 2433 sani
721 2329 910 2432 Godefridus
925 2343 1060 2430 tertius,
1077 2343 1132 2436 qui
1151 2357 1245 2413 notus
1263 2365 1348 2416 anno
1398 2399 1410 2432 η,

89 2431 378 2533 Cbrryii1142‚ut
394 2435 665 2526 nutriremus,
684 2435 827 2530 quomode)
842 2439 919 2526 ille,
934 2436 1029 2508 ducib
1044 2461 1116 2508 mox
1133 2461 1215 2510 anno
1238 2459 1276 2509 11
1308 2461 1346 2524 9.

41 2551 43 2554 ·
86 2535 289 2626 nnnepriend
307 2533 505 2628 Margaretb
520 2535 758 2628 Limburgenst,
778 2532 847 2603 iiam
865 2553 984 2604 annutn
1040 2549 1107 2606 eret
1124 2537 1248 2606 circiter
1284 2539 1346 2606 eci·

86 2631 363 2724 nun-septimum,
379 2630 416 2700 id
428 2629 620 2724 esktriennio
635 2646 709 2702 ante
728 2629 845 2701 obitum
861 2630 997 2702 Henrici
1037 2631 1107 2725 ujnu
1126 2633 1259 2704 Comitis
1268 2633 1345 2702 Gel-

86 2725 136 2792 rr'ae
148 2775 161 2816 ,
174 2735 228 2822 qni
241 2729 358 2804 incidit
364 2731 399 2798 in
415 2749 534 2800 annnm
548 2735 666 2818 1162,
679 2727 870 2822 procreaffe,
886 2743 946 2798 aut
960 2727 1036 2800 dare
1051 2733 1164 2822 nuptui
1172 2732 1278 2821 putuit
1296 2731 1347 2801 illi
1369 2815 1371 2820 Ι
1411 2766 1416 2776 ·

78 2817 292 2916 snamfiiiarn.
317 2826 452 2897 interint
465 2825 535 2895 abin
549 2824 691 2920 referant
709 2829 853 2898 Annales
868 2841 1000 2918 nuptum
1018 2827 1157 2896 [burico
1176 2827 1347 2908 Seinarum,

88 2915 240 3015 Godefridi
258 2924 449 2996 Brabantiae
463 2921 569 2993 Ducis
575 2921 708 3013 filiam,
724 2923 761 2992 id
774 2925 1035 2993 rettimernorure
1050 2921 1209 3016 existimo,
1226 2941 1344 2996 necta·
1409 2993 1416 3009 ,

87 3034 148 3087 men
162 3021 316 3114 deprimo
327 3017 505 3116 ‚fecundo,
522 3034 580 3089 aut
596 3017 875 3110 tertiandefiidis
892 3019 1349 3112 Lo‘ounienfibusCornitibus,¹

79 3107 132 3200 stt
151 3117 345 3190 Brabantiae
370 3117 517 3188 Ducibus
542 3114 723 3207 capiendum
741 3145 753 3196 3
772 3112 835 3206 sed
859 3111 1029 3204 Godeftido
1045 3117 1231 3206 Ballionia,
1257 3120 1347 3212 Rege

80 3210 264 3300 utnodom
290 3213 543 3309 Jernsoiimitanu
561 3237 573 3280 .·
588 3211 670 3282 bunc
694 3213 775 3282 enim
801 3208 1035 3304 Godefridum,
1061 3213 1130 3284 ciam
1145 3237 1185 3283 ex
1200 3238 1265 3304 eo,
1287 3229 1348 3284 aut
1375 3281 1379 3288 .

25 3377 26 3382 ,
80 3303 169 3399 stirpe
191 3315 260 3406 ejus
272 3335 289 3403 ·,
317 3312 529 3401 Arduennae,
561 3309 766 3399 Hnsbaniae',
792 3308 1077 3404 Latburingiaeqne
1093 3335 1131 3383 ac
1156 3311 1347 3383 Brubantiae

87 3400 185 3479 Duces
227 3411 467 3504 procefferint,
508 3408 714 3480 Brubuntuen
752 3411 850 3478 etiam
884 3409 1113 3503 antiquioribus
1149 3407 1371 3503 Cbronologis'

88 3505 269 3593 appeliatum
287 3509 460 3601 vernfimile
475 3505 518 3600 est
535 3537 548 3592 3
577 3505 619 3586 ὅ
635 3505 708 3577 verb
725 3507 774 3576 ita
791 3527 857 3576 rent
874 3505 988 3578 babere
994 3505 1095 3598 fidem
1112 3529 1229 3600 quoque
1235 3505 1347 3601 faciat

88 3601 162 3686 quid
177 3605 336 3695 isenrico,
358 3618 396 3675 ut
408 3619 523 3676 nutant
538 3603 634 3674 iidem
650 3607 825 3692 Auitores,
841 3625 910 3673 cum
929 3605 1065 3676 Seinara
1082 3607 1118 3674 in
1133 3603 1234 3674 dotem
1250 3629 1344 3688 vene·

89 3695 129 3764 tit
147 3699 292 3774 Velaviae
301 3705 486 3774 Comitatus.
505 3700 633 3794 Constat
650 3716 777 3789 autem,
795 3699 1049 3794 quemadmodum
1055 3699 1201 3793 steperiias
1215 3705 1250 3772 in
1256 3705 1347 3774 rebus

91 3788 415 3890 Otbnaissttteriante
425 3799 810 3889 Bercbemio‚memoravi
822 3795 1048 3891 ,Godefridum
1056 3799 1252 3872 bullionium
1253 3803 1346 3894 priris
1388 3817 1390 3824 ’

74 3903 75 3908 ’
91 3893 176 3976 outo
192 3901 226 3967 in
240 3896 439 3989 Palestinam
454 3901 537 3986 iret,
556 3897 678 3968 Othoni
693 3896 810 3966 Geiriae
828 3897 968 3984 Comiti,
985 3911 1104 3990 accepto
1121 3899 1163 3968 ab
1178 3922 1210 3968 eu
1217 3901 1346 3990 pretio,

93 3983 127 4052 V
122 3991 256 4064 claviam
267 3994 349 4086 jure
367 3993 463 4088 feudi
483 3991 665 4083 secundario
674 3991 882 4087 poffidendam
898 3993 1019 4064 tradidi
1042 4019 1069 4064 e.
1098 3993 1345 4096 Qumudbjam

55 4147 63 4176 ,
79 4087 159 4157 *nti
173 4089 354 4168 Bttliienins
367 4089 428 4188 iuste
443 4094 469 4166 ei.
476 4089 591 4187 fratre
598 4089 659 4187 fico
674 4091 866 4167 Brabantiae
880 4089 999 4182 Duce,
1018 4096 1073 4262 {ui
1090 4109 1127 4166 ut
1134 4090 1347 4186 feudnnpriq
1384 4165 1387 4172 ,

69 4361 131 4688 t
233 4513 238 4526 ·
