3298 4690
236 327 449 417 Co'ercenda
465 329 746 441 potius‘fuerant
775 324 858 414 odia
884 339 977 414 inter
1002 331 1195 438 Populator
1209 331 1226 430 j
1242 353 1323 436 quae
1340 330 1516 442 profesti·

234 463 309 516 non
328 438 407 513 sunt
427 439 584 530 extincta
602 463 685 514 cum
705 439 866 530 flammis.
1085 479 1089 488 ·
1131 451 1137 460 '
1181 449 1186 460 '
1231 454 1235 463 ·
1283 441 1288 456 ‘
1342 442 1358 477 ²
1396 497 1403 506 .
1435 436 1451 489 '⁷

249 623 252 628 ¹
287 529 536 613 Tr'udonenses
552 536 675 611 ulcisci
693 555 837 636 parant,
854 558 928 608 non
944 529 1217 620 diffimulanter3
1233 529 1350 632 palam
1368 534 1408 607 in
1422 555 1518 609 catt-

237 633 283 723 l'rc
299 632 504 708 societatem
522 636 732 734 pertrahunt
749 657 836 732 quos
861 631 1004 731 possunt
1024 659 1032 705 :
1051 654 1166 730 neque
1193 630 1530 708 Brustcmiis'con:

239 730 357 806 silium
375 730 489 805 defuit
499 731 571 820 3&
589 730 655 831 ipfi
676 756 759 806 cum
778 729 854 804 aliis
871 728 1073 830 conspirant
1089 731 1128 801 in
1135 726 1395 802 Trudonenset.
1412 727 1530 802 Nom.

240 827 292 916 eit
310 847 485 904 certatum
503 854 657 929 unquam
676 825 857 904 collatisfi
887 831 938 900 nis
961 877 975 920 ,
1002 823 1061 900 sed
1077 845 1119 900 ut
1135 825 1206 900 sors
1234 825 1379 900 ferebat.
1407 827 1438 899 F
1438 825 1511 900 acti

238 927 395 1027 invicem
415 925 515 1020 obvii
526 949 539 1018 5
549 929 681 1002 mutuis
699 929 737 1002 in
755 924 789 1000 se
806 850 963 998 caedibus
979 922 1018 998 &
1035 923 1277 1022 rapinis‚tum
1295 923 1509 1094 direptioni·

241 1023 340 1116 bus,
364 1023 602 1124 incendiisque
683 1023 759 1098 isari
777 1047 836 1098 coe
863 1042 977 1096 erunt.
1004 1021 1059 1095 Ita
1076 1019 1267 1120 paulatim,
1285 1045 1359 1104 non
1403 1047 1517 1096 orum·

242 1120 387 1214 studio,
411 1117 573 1198 aut.odio
591 1122 605 1196 i
637 1147 739 1196 orum
758 1154 773 1210 3
798 1048 862 1194 sed
874 1119 1022 1218 privatis
1036 1118 1209 1192 concitati
1226 1120 1395 1231 injuriis,
1420 1119 1516 1220 dunis

243 1217 375 1320 finguli
391 1219 608 1296 meditantur
625 1221 827 1310 ultionem,
840 1218 941 1291 novis
951 1213 1162 1297 faffionibus
1177 1239 1297 1288 omma
1312 1217 1514 1316 complent.

237 1317 323 1393 -Hic
341 1340 473 1416 pagum
494 1369 508 1409 ,
534 1317 708 1416 oppidum
726 1315 819 1406 ille,
843 1335 886 1388 ut
905 1337 1082 1414 quemque
1096 1310 1262 1388 desertim
1280 1312 1437 1388 fecerant
1453 1317 1511 1388 in·

240 1416 349 1514 juria:
368 1415 406 1484 in
422 1434 536 1511 partes
545 1415 776 1512 pertrahunt,
794 1431 900 1511 atque
920 1409 1091 1510 ejusmodi
1108 1410 1192 1484 mali
1209 1412 1512 1512 contagiumbte·

246 1508 456 1602 riDioecefi
477 1507 627 1608 pervafit
645 1507 844 1584 universum
856 1537 865 1582 ε
876 1522 1001 1584 ut‘nec
1012 1506 1180 1610 ignobilis
1198 1507 1380 1608 quisquam
1398 1525 1519 1611 angue

243 1607 301 1686 lus
322 1605 343 1680 d
362 1606 520 1707 partibus
536 1609 702 1682 immunia
720 1607 787 1681 elle
804 1607 994 1682 videretur.
1087 1630 1090 1636 ·

268 1789 270 1796 y
296 1702 411 1804 Qiod
420 1701 526 1780 nemo
535 1705 742 1800 mirabitur,
762 1704 959 1780 dummodo
968 1701 1142 1780 reminisci
1152 1704 1414 1797 velit3ratione
1422 1731 1516 1781 con·

248 1801 429 1894 troverliae
447 1804 599 1877 duorum
618 1803 767 1878 fratrum
785 1823 900 1878 totam
919 1801 1049 1878 induas
1069 1827 1118 1900 qu
1167 1827 1211 1876 ue
1227 1825 1343 1904 partes
1353 1806 1513 1905 aliquan·

244 1901 294 1976 do
311 1900 441 1974 scillam
468 1899 607 1974 Italiam
626 1933 639 1990 3
665 1899 897 2001 Guelfiosque
913 1920 1060 1974 vocatos
1077 1899 1121 1974 ab
1139 1920 1252 1976 atero
1271 1901 1403 1976 fratum
1419 1904 1519 2003 ‚qui

243 2023 316 2098 pro
323 1995 506 2073 Pontifice
521 1997 657 2075 stabant
666 2033 679 2088 3
693 2001 824 2099 quique
841 2023 907 2098 pro
918 1999 1149 2096 Imperatore,
1158 1997 1369 2074 Gibellinos.
1381 2001 1514 2076 Imma·
1546 2026 1555 2038 ³

242 2093 1519 2196 niaperpetrabanturfacinoraquaedefleretfaciliirsquilibetautdam·

244 2211 372 2286 naret,
387 2193 494 2293 quam
511 2215 693 2273 coerceret
709 2194 801 2268 ullus
819 2194 1029 2292 Principum
1047 2195 1109 2292 qui
1119 2191 1325 2268 Di'oeceseos
1344 2194 1522 2296 hujusd-

244 2289 584 2367 nibtu'tenerentur
601 2319 611 2367 r
631 2317 706 2368 non
732 2313 774 2366 ut
801 2287 879 2366 suos
904 2289 1049 2390 quisque
1075 2291 1114 2362 in
1131 2289 1253 2374 officio
1279 2295 1514 2386 contineret,

248 2407 347 2472 tutos
363 2409 483 2464 tamen
511 2389 674 2490 praestare
697 2415 771 2464 non
787 2387 967 2489 poterati
993 2387 1231 2490 finitimorum
1257 2390 1404 2490 injuriis.
1434 2389 1524 2485 Qui·

249 2486 336 2562 crim
354 2485 522 2586 nusquam
540 2485 624 2562 alibi
649 2488 758 2586 quim
775 2486 796 2561 i
811 2487 877 2562 suit
889 2485 1076 2587 judicibus
1093 2487 1251 2576 coerceri
1268 2487 1431 2585 pollent,
1445 2513 1525 2564 noc·

249 2575 357 2659 facile
376 2583 571 2685 speraretur
588 2610 629 2658 ea
642 2587 812 2680 Judicum
831 2610 861 2657 ae
889 2584 999 2675 uitas,
1015 2603 1058 2655 ut
1076 2585 1234 2658 externis
1246 2582 1348 2683 aeque
1365 2611 1407 2660 ac
1424 2587 1523 2662 civi·

249 2681 315 2770 bus
333 2685 386 2780 jus
400 2681 586 2758 redderent
596 2715 609 2770 3
623 2683 838 2795 proruebant
858 2609 985 2779 linguli
1004 2680 1126 2779 potitis
1144 2681 1187 2757 ad
1215 2683 1357 2782 injurias
1377 2685 1515 2775 armis,

250 2781 328 2854 hoc
341 2779 393 2854 est
410 2782 510 2856 novis
526 2782 691 2880 injuriis,
734 2779 814 2853 uim
830 2775 983 2876 Judicio
993 2775 1245 2874 vindicandae:
1266 2778 1316 2852 fic
1341 2800 1522 2856 aeternum·

250 2875 420 3046 quilque
436 2880 474 2952 in
490 2875 563 2952 dies
579 2806 788 2980 irritandum
798 2874 955 2950 cladibus
964 2873 1117 2970 „merito
1134 2900 1257 2964 ornnes
1266 2875 1399 2953 malum
1408 2881 1523 2955 time·

301 2993 353 3047 nt.

270 3065 274 3074 “
303 3071 362 3144 Ac·
369 3071 512 3148 tandem
529 3075 659 3150 divinae
677 3075 877 3150 clementiae
894 3073 1092 3174 benignitas
1110 3075 1281 3174 excitavit
1295 3097 1389 3152 anno
1410 3073 1525 3150 1088.

251 3167 417 3272 spiritum
437 3172 589 3246 Hemici
618 3173 824 3246 Leodiensts
841 3171 1048 3263 Antistitis,
1075 3173 1140 3270 qui·
1151 3196 1220 3269 pro
1234 3197 1277 3246 ea
1292 3173 1418 3271 qua-in
1433 3197 1519 3273 gre·

284 3269 339 3341 eni
356 3265 470 3342 bonus
485 3270 610 3342 Pastor
624 3269 802 3350 ferebatur
845 3271 973 3360 ietate‚
991 3269 1077 3341 cirm
1094 3271 1283 3360 inomnem
1294 3288 1526 3369 patremvet·

253 3291 343 3440 fatet
361 3367 539 3456 animum,
559 3366 596 3438 &
614 3368 710 3439 varia
724 3295 870 3440 consilia
888 3391 908 3438 a
935 3366 1038 3439 itaret
1045 3398 1062 3454 3
1077 3364 1113 3440 id
1131 3367 1268 3440 invenit
1284 3367 1432 3442 tandem
1445 3391 1528 3466 quo*

257 3459 296 3534 δε
311 3461 479 3537 universae
494 3462 655 3544 Dioecesr
672 3487 820 3562 pacem,
840 3461 878 3535 &
919 3487 1000 3538 ecus
1017 3487 1179 3555 novum,
1197 3463 1442 3566 insignemque
1450 3491 1520 3564 po-

197 3629 200 3636 .
258 3559 420 3726 τεείξὲῑεω
438 3559 608 3730 li'tccleliae
627 3559 764 3654 suae‚&
784 3559 848 3636 fibi
865 3559 1055 3664 gloriosam
1070 3560 1219 3637 Pacifici
1244 3563 1524 3664 appellationem

285 3679 307 3725 o
346 3679 494 3750 paravi.
702 3703 705 3709 -
850 3703 852 3708 ·

289 3749 499 3863 ‘Finitimos
517 3783 638 3834 omnes
646 3759 769 3835 Princi
795 3781 850 3851 es,
863 3762 923 3857 qui
942 3759 1131 3835 Ditionem
1148 3759 1302 3861 aliquem
1318 3761 1415 3844 intra
1422 3759 1523 3836 Leo·

67 3911 69 3925 ,
141 3939 144 3946 ¹
260 3843 388 3922 drenlis
404 3849 611 3928 Droeceseos
626 3856 714 3932 fines
732 3785 936 3948 lairerent,
954 3859 992 3930 in
1008 3857 1194 3934 confilium
1208 3860 1408 3937 advocavit.
1429 3857 1528 3940 ¹Ubi

263 3965 533 4038 convenerunt,
564 3952 706 4026 exorsus
721 3952 853 4028 Praesul
869 3955 969 4056 gravi
988 3957 1149 4030 oratione
1167 3979 1448 4034 commemorare
1464 3955 1524 4036 fu-

262 4039 395 4124 nestam
412 4041 648 4125 calamitatem
666 4055 752 4152 quae'
764 4076 885 4157 omnes
903 4049 1147 4152 lingularum,
1169 4074 1280 4158 atque,
1293 4052 1537 4170 Priqcipatits.

1480 4175 1529 4228 m
