3358 4690
244 263 337 341 ,224
407 323 412 331 ,
669 247 715 322 H
731 250 759 322 I
775 251 802 324 S
826 247 861 324 T
876 251 912 326 0
935 251 970 326 R
994 251 1080 327 [A

259 346 283 377 ”
293 347 403 416 bamus
411 393 424 436 ,
440 341 573 418 mallim
585 343 709 420 mibide
726 353 863 422 viaria
871 348 1081 448 spondebam
1100 359 1138 422 at
1155 371 1236 424 nanc
1252 348 1542 443 certrffmemclass

262 444 285 474 ”
296 443 366 520 dem
381 459 493 516 metuo.
512 445 561 518 Et
577 441 654 520 sane
673 445 869 522 Brabantus
884 449 955 521 hoc
981 445 1055 546 ipso
1074 447 1228 522 multum
1247 447 1383 524 roboris
1409 449 1524 524 acces
1520 487 1539 508 ·

263 538 373 636 ”qfilse
389 537 452 614 fibi
469 565 542 615 non
557 541 739 636 dubitans,
756 546 876 643 paucis
893 544 1098 621 adhortatus
1114 545 1165 620 est
1174 545 1447 642 militem,quld
1455 573 1544 621 eum

266 637 409 731 ”sciscet
425 640 539 734 hostem
554 642 1021 740 inconspeeuhabemr,quem
1030 650 1120 716 toties
1128 645 1191 734 fiala
1201 649 1332 717 mininis
1339 645 1396 739 firi
1412 661 1543 719 terrore

269 739 292 768 ”
301 740 335 808 in
340 737 451 832 fugam
459 739 649 834 egerant,&
657 744 748 813 toties
754 743 828 812 dari
843 745 948 814 corea
956 743 1156 838 flagitarent
1166 775 1178 830 5
1189 741 1258 837 uſsa
1264 744 1540 835 mminiffentre‘-

269 835 426 926 ”dados,
435 839 514 908 unde
520 835 723 930 soldvirtute
734 840 845 932 pofflnt
862 841 1017 926 evadere3
1029 841 1163 935 undique
1171 843 1283 913 linitos
1296 839 1450 932 hostibus,
1453 862 1542 936 pro-
1591 903 1594 910 .

271 934 512 1026 '‘culeatrid,
524 939 633 1028 procul
647 937 768 1008 laribus
785 969 798 1024 3
817 961 878 1009 non
893 937 1026 1032 hostium
1051 961 1177 1010 numero
1202 941 1430 1010 territarentur
1449 944 1539 1011 :ni-

270 1031 354 1103 ”hr'l
363 1039 447 1104 enim
463 1031 666 1126 insuperabile
683 1038 766 1108 viris
775 1035 917 1130 fretibus
933 1035 1011 1128 effe,
1030 1059 1071 1108 ac
1089 1033 1191 1108 simul
1207 1033 1327 1107 inferri
1346 1033 1442 1135 signa
1461 1033 1538 1132 jus·

269 1131 293 1162 ”
304 1126 359 1202 fit.
385 1129 474 1205 Erat
489 1135 528 1202 in
543 1130 661 1202 medio
679 1133 737 1204 via
754 1133 880 1232 regia,
897 1131 1134 1231 praeterquitm
1177 1132 1250 1208 uod
1276 1156 1385 1208 coeno
1412 1131 1540 1207 altissi·

271 1226 366 1300 ”mo
383 1278 396 1310 ,
413 1226 754 1328 profirndissmrisque
777 1229 1005 1330 voraginibus
1030 1255 1129 1332 praep
1177 1235 1226 1304 ita
1250 1227 1342 1302 follis
1359 1230 1466 1303 etiam
1484 1230 1543 1304 la·

271 1326 559 1425 ”tis,utrimque
582 1351 707 1424 aquam
724 1351 769 1400 ex
786 1329 877 1439 agris
895 1325 1151 1402 deducentibus
1168 1328 1388 1420 derivatam,
1406 1329 1543 1401 utrim-

273 1426 375 1520 ”que
392 1422 524 1515 clausa,
537 1422 689 1524 ideoque
705 1423 860 1498 difficlis
879 1449 1009 1526 pugna.
1031 1427 1087 1499 Ad
1110 1427 1200 1500 hanc
1216 1424 1399 1512 substitere
1418 1425 1539 1518 Gelri,

213 1561 215 1566 κ
271 1524 346 1594 ἵύῑ
364 1523 402 1594 in
418 1521 632 1613 Brabantos,
651 1521 736 1596 dum
752 1521 1073 1624 tranfirent,iirque
1091 1523 1182 1598 fossis
1199 1547 1307 1598 coeno
1324 1547 1370 1596 ac·
1383 1521 1542 1622 sentibuq

271 1619 573 1718 ”impeditos,im
601 1639 700 1694 etum
718 1619 886 1696 facerent.
904 1621 1048 1722 Agebat
1065 1624 1159 1696 inter
1177 1620 1438 1722 Antelignanos
1452 1623 1548 1694 Bra·

270 1717 494 1791 ”bantorum
512 1723 533 1790 a
550 1644 849 1792 Viese'rnaliotum
866 1719 1013 1792 Familia
1030 1739 1137 1794 notus
1160 1719 1304 1820 quidam
1330 1719 1441 1792 homo
1468 1717 1542 1794 fin·

268 1815 420 1915 '’g'ulari
434 1815 569 1889 feroeid
585 1866 599 1906 ‚
616 1835 658 1890 ut
675 1815 749 1889 fere
768 1815 805 1889 id
830 1841 941 1916 genus
964 1815 1064 1892 solet.
1091 1819 1125 1891 ls
1151 1819 1311 1890 vicinus:
1337 1819 1376 1890 Si
1398 1821 1541 1893 introea-

271 1917 403 2005 '‘mur,
428 1917 683 2005 Commilitonrs,
714 1915 905 2014 inquiens,
933 1939 1019 1988 omne
1042 1941 1152 2014 agmen
1175 1939 1238 2012 qua
1262 1919 1324 1987 via
1346 1919 1432 2010 regia
1455 1921 1542 1988 inter

272 2014 295 2044 ”
304 2027 469 2107 utrmque
483 2016 653 2084 exereitum
663 2015 817 2086 intererat
845 2012 1065 2108 tranfirnsum
1080 2019 1178 2108 rapit.
1206 2013 1287 2086 Illic
1307 2014 1450 2084 initium
1469 2037 1541 2112 pu·

269 2111 392 2208 '’gnae
415 2107 557 2181 saelum.
584 2107 831 2204 Colonienlis‚
848 2109 999 2202 Gelrus,
1017 2108 1300 2210 Luceburgensrs
1326 2112 1401 2210 pari
1426 2111 1544 2208 impe-'-

272 2209 297 2240 ”
309 2227 350 2279 tu
367 2209 404 2280 in
421 2205 537 2310 hosteq
554 2205 708 2298 innecii,
724 2205 901 2300 frontem,
921 2206 1050 2301 latera,
1061 2231 1164 2310 terga
1180 2211 1457 2308 circumquaque
1473 2209 1545 2281 im·

272 2307 455 2404 ”petere,
473 2307 578 2404 pauci
602 2305 742 2379 multoe
762 2331 952 2407 premere,
979 2305 1032 2381 fisi
1059 2305 1252 2406 praesertim
1280 2305 1509 2379 multitudine
1527 2311 1545 2394 ᾖ

271 2405 434 2478 ”contra
458 2403 567 2478 hostis
592 2403 682 2478 nihil
707 2404 850 2478 illorum
876 2407 983 2505 eopid
1001 2457 1013 2498 ,
1031 2404 1122 2480 nihil
1137 2403 1196 2478 sua
1221 2405 1358 2476 moveri
1372 2401 1547 2574 paucita-

273 2504 355 2576 ”te.
387 2501 475 2575 Dux
499 2500 577 2673 ilpse
597 2527 824 2602 quacumque·
837 2506 875 2576 in
890 2517 991 2673 parte
1005 2505 1120 2606 premi
1139 2527 1179 2576 ae
1197 2500 1356 2576 laborare
1386 2526 1450 2574 uos
1465 2499 1548 2573 sen·

274 2597 502 2692 ”smt,'ade
529 2623 549 2672 e
566 2601 751 2692 oratione,
767 2625 869 2674 exem
910 2625 1004 2699 oque
1022 2601 1214 2675 accendere
1233 2628 1241 2671 ε
1260 2623 1326 2672 nec
1342 2599 1437 2672 aliud
1455 2600 1551 2670 Ber*

274 2697 475 2789 ”tholdus,
493 2720 535 2770 ac
560 2700 683 2773 caeteri
708 2723 851 2798 quoque
910 2697 1022 2772 obiles
1039 2698 1168 2774 fecere.
1194 2697 1372 2795 Quinque
1384 2693 1457 2768 ferd
1476 2696 1548 2770 ho-

276 2797 356 2868 ”rir
372 2814 571 2896 pugnatum
599 2794 651 2868 est
674 2797 725 2871 ita
748 2797 897 2896 ancipiti
921 2815 1065 2890 marte,
1090 2817 1133 2870 ut
1155 2817 1243 2870 utro
1265 2795 1452 2868 inclinaret
1468 2795 1550 2868 vic·
1628 2817 1635 2829 ‘

268 2895 300 2989 ,”
310 2895 403 2966 toria
426 2917 532 2966 nemo
557 2889 797 2970 discerneret:
828 2913 871 2968 ut
894 2893 993 2968 vero.
1007 2890 1243 2968 Berrholdum
1269 2916 1383 2992 penes·
1400 2893 1549 2966 Ducem

276 2989 538 3082 ”dimicatum
564 2991 757 3066 concidiffe
781 3044 798 3086 ,
823 2993 1035 3162 Ducemque
1060 2990 1173 3094 ipsum
1198 2988 1340 3066 suffosso
1365 3014 1457 3088 equo
1482 3011 1548 3088 pe·

193 3177 197 3183 ⁵
275 3087 463 3162 ”deserem
481 3115 504 3188 p
582 3113 638 3160 am
663 3092 752 3164 inire
769 3141 784 3183 ,
799 3116 845 3165 ac
866 3093 903 3164 in
928 3090 1128 3164 dicrimine
1152 3089 1220 3163 ess'e
1245 3089 1403 3164 innotuit
1422 3139 1435 3179 ,
1453 3111 1549 3187 prae-

277 3186 399 3259 ”lium
410 3185 506 3285 quast
548 3210 570 3257 e
586 3211 684 3260 novo
709 3185 823 3261 acrius
848 3186 1077 3287 infestiusque
1102 3185 1393 3286 redintegratum.
1419 3186 1543 3258 Luce·

277 3287 300 3319 ’'
310 3282 493 3386 burgensis
521 3303 638 3357 certus
659 3288 735 3383 jam
757 3282 916 3361 vicioriae
933 3337 948 3378 ,
967 3285 1135 3386 cupidine
1159 3285 1322 3384 capiendi
1347 3283 1461 3356 Ducis
1483 3281 1551 3355 fla'·

280 3385 417 3482 ”grans
436 3434 450 3473 ,
468 3381 624 3480 undique
651 3405 782 3482 magno
808 3383 992 3456 molimine
1018 3381 1287 3473 circumfundi,
1308 3379 1447 3480 quique
1473 3403 1551 3452 ma-

279 3479 412 3555 ?'xime
428 3480 586 3556 laborare
601 3479 817 3554 Brabantum
834 3481 1023 3572 cernebat,
1042 3481 1131 3557 illuc
1147 3480 1376 3566 incumbere3
1395 3475 1551 3577 conglo-

284 3580 307 3610 ”
318 3579 444 3650 merari
462 3581 557 3650 circa
574 3578 717 3650 Ducem
725 3577 956 3672 Brabantini,
971 3577 1072 3652 illum
1089 3577 1234 3674 objediu
1243 3577 1403 3674 corporis
1412 3575 1463 3650 sui
1472 3597 1551 3646 cer·

283 3675 306 3706 ”
316 3676 420 3747 tatim
439 3675 588 3786 quisque
603 3697 814 3774 protegere,
833 3675 956 3749 abillo
976 3667 1174 3775 periculum
1191 3673 1394 3776 propulsare
1411 3672 1552 3758 coriaria

283 3773 306 3805 ”
317 3795 389 3844 non
398 3768 562 3868 fatigatio
572 3823 585 3864 ,
595 3797 668 3846 non
675 3771 820 3848 vulnera
836 3779 969 3868 (tantus
977 3773 1082 3848 ardor
1090 3771 1180 3857 erat)
1199 3795 1418 3872 quemquam.
1430 3793 1551 3870 remof

283 3867 384 3940 ”rari
394 3887 570 3966 poterant.
579 3871 865 3944 Praetercaeteros
874 3872 912 3944 in
921 3869 1344 3946 AnnalibusBrabantinis
1352 3866 1553 3965 celebratur

285 3969 309 4001 ’⁹
325 3963 504 4038 Arnoldus
523 3965 737 4059 Hostadius,
760 3992 805 4042 ex
822 3969 976 4042 Patricia
993 3967 1268 4042 Lovaniensrum
1288 3965 1478 4064 prosapia,
1494 3963 1559 4036 vir
1627 3967 1632 3975 ’

283 4061 497 4156 &strenuum
507 4062 571 4168 hic
588 4087 682 4166 equo
697 4064 891 4145 calcaribus
908 4061 1459 4161 concitato,incenfertiffimam
1470 4057 1557 4233 hdie

1459 4179 1489 4235 tr
