3300 4728
94 163 113 221 s

275 169 350 264 284
701 163 749 234 H
766 161 837 234 IS
861 159 896 234 T
915 163 948 234 Ο
976 163 1010 234 R
1035 162 1119 234 IA

271 269 351 379 triae
380 261 632 375 decreverant,
656 259 719 372 nisi
740 258 902 372 prasidio
921 257 1037 370 fuisset
1060 257 1264 332 Wencessai
1277 257 1412 335 Ducis
1432 260 1559 338 autito·⁸

272 383 469 537 idtcaddiesssi
486 353 1564 554 pqqsggpqrrigtprtgqqpqrthuageqpestbacttrnpssodggfgtgigsumngp

274 559 390 632 nentis
416 553 565 654 periculi
590 551 746 663 articulo·
768 553 994 664 Rummeum·
1011 549 1106 622 haud
1122 554 1271 663 omqino
1290 551 1560 663 deserendum,

275 647 1563 844 ‘dots{¹21„dissidettimidissimi,mtstsrtt'sdssd'f

277 777 393 924 cittisp
429 846 554 920 ucibus
570 845 711 920 tandem
730 843 893 934 obtinet,
910 864 951 916 ut
968 843 1012 916 ab
1030 795 1200 916 ulterio're
1219 843 1411 920 armorum
1432 847 1565 918 illatio·

277 971 323 1020 ne
343 943 675 1040 abscedant,eoque
695 943 731 1014 in
751 942 841 1016 statu
861 939 1103 1014 controversia
1115 959 1253 1014 maneat
1271 967 1344 1040 quo
1352 939 1560 1040 Caesarjus·

278 1043 389 1134 serat,
407 1042 522 1114 donec
541 1037 725 1113 definitive
744 1039 928 1114 decidatur
942 1061 987 1110 ex
1005 1037 1102 1110 bono
1121 1037 1442 1138 utriusquepartis
1462 1039 1503 1112 ὃ(
1520 1062 1564 1109 ae·
1645 1110 1646 1119 χ

158 1215 161 1224 ,
280 1167 364 1240 quo.
390 1123 852 1212 Leodiensesnihilominus
869 1136 1017 1208 domum
1034 1135 1106 1233 qui
1122 1158 1312 1226 venerant,
1329 1137 1488 1210 seilicet
1505 1157 1564 1232 per

280 1262 405 1339 agrum
424 1233 659 1310 Hasselensem
674 1232 717 1344 ‚dc
735 1232 1009 1402 Tungrensem,
1031 1253 1269 1324 revertentes,
1286 1236 1464 1308 Hamalii
1482 1227 1563 1306 Cas·

281 1355 340 1410 tro
359 1338 455 1407 circa
471 1333 652 1431 Tungrim
672 1351 793 1430 ignem
832 1323 1040 1429 ubjiciunt,
1068 1328 1287 1430 flammisque
1305 1330 1566 1408 devorandum

282 1432 476 1627 tmdgidat
494 1509 679 1599 Avenione
694 1525 848 1619 Joannes
863 1523 906 1600 ab
925 1523 1059 1600 Arckel
1077 1575 1090 1618 ,
1117 1523 1375 1626 Ultrajedtinus
1407 1520 1566 1639 Episco-

130 1674 133 1683 ·
199 1691 208 1702 .
283 1651 370 1728 pus,
391 1629 463 1724 quo
482 1617 564 1696 eum
581 1619 907 1698 difficultates-cum
927 1623 988 1698 suo
1007 1621 1273 1696 Canonicomm
1285 1623 1565 1724 Collegroevo·

284 1743 471 1810 caverant,
489 1721 691 1820 ibidemque
706 1725 811 1796 etiam
831 1720 896 1820 ipsa
913 1721 1049 1794 summo
1067 1719 1238 1794 Pontifici
1253 1720 1411 1796 Urbano
1437 1719 1492 1794 V.
1511 1719 1565 1790 in·

285 1843 450 1898 notuerat
478 1820 521 1894 ab
545 1821 749 1919 integritate
777 1822 893 1911 vitae,
919 1817 1134 1918 prudentia,
1163 1817 1290 1930 agendi
1313 1818 1563 1902 dexteritate,

285 1919 597 2018 magnanimitate,
608 1915 811 2012 caterisque
829 1915 1008 2013 Episcopo
1026 1913 1142 2014 dignis
1158 1915 1373 2007 virtutibus,
1382 1915 1562 2015 jubetur·

286 2037 356 2110 que
374 2013 417 2086 ab
435 2013 561 2084 eodem
579 2035 623 2100 ex
643 2011 878 2110 Ultrajestina
892 2011 1171 2094 inLeodiensem
1181 2011 1400 2086 Cethedram
1412 2008 1561 2086 scande·

286 2133 336 2183 re.
355 2111 526 2206 Dumque
544 2109 722 2207 praecipiti
738 2107 853 2180 mense
865 2108 963 2202 Juiio
992 2107 1120 2182 Leodii
1135 2111 1392 2210 inauguratur,
1424 2105 1562 2186 Rumi-

287 2230 372 2280 neus
390 2203 567 2305 neposque
584 2207 658 2305 ejus
676 2205 880 2298 Hamaiius,
899 2231 986 2306 quos
1002 2205 1213 2304 adipiscendi
1242 2205 1459 2282 Comitatus
1478 2223 1562 2276 cura

287 2305 405 2380 adhuc
421 2302 629 2402 coquebat,
655 2305 838 2404 ingentem
864 2307 959 2378 circa
975 2303 1291 2377 Grevembrociam
1310 2307 1346 2376 in
1365 2299 1581 2400 Campinia·

288 2403 445 2476 militum
464 2426 606 2474 manum
626 2403 862 2476 contrahunt:
881 2404 1128 2501 Beringiaeque
1147 2399 1374 2492 circumfusi,
1402 2405 1443 2474 in
1464 2397 1560 2472 illam

290 2499 432 2574 crebros
450 2497 589 2580 faciunt¹
618 2497 763 2571 insultus
781 2549 794 2588 ,
813 2499 977 2596 scalisque
1004 2517 1204 2596 pertentant
1222 2499 1260 2570 in
1278 2499 1414 2572 moenia
1431 2492 1560 2570 evade·

289 2621 328 2669 re
339 2629 352 2683 3
372 2593 497 2668 verum
516 2597 746 2706 excipiuntur
763 2596 806 2668 ab
835 2597 968 2668 Incolis¹
984 2597 1082 2670 tanta
1113 2593 1333 2668 animositate
1351 2593 1389 2668 &
1409 2593 1560 2679 viribus,

290 2713 333 2768 ut
350 2691 484 2766 deserti
503 2689 706 2782 obsidione,
724 2693 945 2861 conqpcerint
965 2689 998 2764 se
1015 2694 1053 2764 in
1070 2691 1202 2791 fugam.
1383 2765 1385 2772 ,

342 2789 454 2884 Qtod
480 2789 564 2861 crim
590 2785 773 2862 celerrime
824 2791 883 2862 inc
908 2790 1108 2864 nuntiatum
1134 2789 1217 2862 esset
1240 2789 1400 2881 Leodii,
1427 2786 1513 2864 inde
1537 2778 1558 2852 ὲ

292 2885 585 2960 Trudonensrbus
600 2885 815 2962 indicaretur
832 2885 1029 2962 Ordinibus
1046 2937 1059 2978 ‚
1087 2887 1260 2984 quendam
1279 2911 1323 2960 ex
1340 2885 1406 2960 suis
1424 2883 1559 2982 Lanio-

293 3007 375 3057 nem
394 2986 430 3056 in
446 2983 596 3082 opificio
614 2983 766 3058 letaliter
783 2984 1005 3074 vulneratum
1024 2984 1067 3060 ab
1089 2986 1304 3083 Apparitore
1318 2975 1555 3066 Rummenfi‚

294 3082 353 3155 alii
372 3081 536 3177 abArcis
554 3079 767 3154 Custodibus
785 3081 963 3171 scribunt,
982 3080 1165 3180 pluresque
1187 3079 1313 3152 frustra
1329 3079 1475 3154 fuissent
1493 3075 1557 3148 ini·

294 3181 324 3254 ti
350 3175 551 3252 contradus
577 3177 705 3273 pacis,
730 3177 827 3272 quod
855 3197 897 3250 ut
915 3178 1017 3252 fieret
1042 3178 1272 3250 Wencessaus
1288 3179 1373 3249 Dux
1392 3178 1556 3252 obtinue-

295 3297 349 3350 rat
366 3328 378 3362 ,
395 3269 545 3348 ulterius
569 3273 819 3345 omnis..morae
847 3274 1135 3373 impatientissimi
1162 3324 1174 3366 ,
1200 3273 1395 3346 decernunt
1422 3271 1557 3347 accele-

295 3375 442 3448 randum
472 3369 579 3444 Arcis'
601 3370 829 3443 Ruminenfis
853 3373 1044 3444 excidium.
1082 3373 1234 3444 Evocati
1261 3371 1553 3468 illicoundiqua·

298 3497 366 3568 que
383 3471 710 3568 milites,parantur
727 3465 902 3542 obsidioni
921 3468 1092 3542 faciendae
1109 3470 1293 3542 necessaria
1312 3495 1322 3540 :
1342 3467 1552 3546 Lambertua

297 3569 486 3665 Doupeie,
505 3568 687 3664 experiens
704 3561 916 3642 &Mus
933 3567 1064 3659 Miles,
1080 3567 1233 3640 donatur
1241 3565 1284 3639 ab
1294 3564 1475 3664 Episcopo
1485 3561 1555 3636 Ve-

298 3663 387 3734 xillo
406 3661 511 3736 saneti
527 3663 733 3752 Lamberti,
751 3665 788 3734 in
806 3663 902 3736 AEde
919 3663 1023 3762 ipfius
1040 3665 1206 3762 primaria
1223 3715 1236 3756 ,
1256 3661 1557 3771 prodeuntemque

298 3759 424 3831 armati
440 3757 631 3852 sequuntur
646 3760 752 3858 primi
771 3759 835 3858 ipfi
854 3761 1087 3852 Leodienses‚
1107 3761 1233 3833 deinde
1244 3757 1426 3857 Hoyenses
1436 3811 1449 3852 ,
1467 3761 1555 3832 Dio·

299 3851 499 3950 nantenses,
517 3851 785 3946 Trudonenses,
810 3856 1012 3948 Foffenses,
1040 3858 1188 3929 aliorum
1216 3881 1259 3930 ue
1275 3856 1503 3954 Oppidorum
1521 3847 1557 3918 &

300 3948 476 4026 Villanuu
492 3949 599 4027 Cives
620 3999 635 4041 ,
658 3953 757 4026 omni
775 3953 928 4030 telorum
944 3977 1074 4054 genere
1090 3953 1201 4030 instru
1237 3951 1360 4048 idimi,
1371 3953 1427 4027 die
1444 3945 1555 4051 sanda
