3358 4690
223 244 296 350 23'8
631 241 680 322 H
695 245 722 318 I
739 239 767 320 S
789 241 825 328 T
842 239 873 318 0
899 241 934 320 R
959 241 1049 320 Μ
1286 335 1291 342 ⁵
1422 333 1427 344 ·

205 351 279 422 ‘vit
304 339 507 437 infeliciter.
533 341 632 457 inter
657 347 736 458 haec
761 344 915 457 populus
932 365 1096 466 'pugnam
1116 339 1366 459 instauraturus
1385 343 1497 444 uncil-v

209 441 554 640 tillitllssll
571 463 944 640 Tibullus}
960 443 1498 619 “inlisisinlisis

209 641 265 712 ·in
290 643 326 715 S.
363 641 515 714 Martini
541 641 710 714 Montcm
736 671 750 727 3
777 643 974 738 quondum
1000 640 1158 739 Populus
1183 640 1274 713 duce
1294 639 1499 742 Praepofito

208 737 441 838 insequens,
464 739 730 839 angustiotique
755 741 814 812 rib
831 740 999 840 ingressos
1017 739 1152 813 invadit
1170 791 1182 830 ‚
1210 739 1499 838 Praeposrtusque

227 835 424 912 ferventius
450 838 583 929 instat,
611 863 693 910 cum
714 835 874 936 pluribus
888 839 1131 938 prosternitur.
1153 835 1304 935 Jamque
1323 835 1360 910 in
1380 838 1494 911 Mon·

226 953 301 1007 tem
319 934 534 1028 invaserant,
552 936 664 1010 Porti
682 934 906 1009 Ecclesiae.
935 937 1086 1010 Martini
1101 930 1233 1009 evasuri
1253 961 1261 1006 τ
1279 936 1431 1028 Joann'es
1450 933 1496 1009 fi·

227 1033 370 1130 quidem
386 1034 430 1108 de
445 1033 563 1122 ¹l’onte
578 1033 868 1126 Consul‚eorum
886 1031 1232 1126 confoederatum}
1249 1035 1298 1105 eit
1313 1033 1499 1132 pollicitus

226 1151 302 1206 erat
319 1132 354 1225 se
368 1136 513 1206 Portam
532 1133 629 1206 illam
648 1131 902 1216 reservatu'rum
920 1165 932 1222 ς
950 1133 1075 1208 verbm
1093 1133 1223 1231 Populi
1241 1130 1388 1204 furentis
1413 1155 1496 1230 per*

225 1230 429 1303 horrescens
446 1231 745 1324 multitudinem,
773 1231 979 1314 Sociosillo
1007 1231 1156 1332 periculi
1176 1231 1393 1304 imminentis
1409 1231 1496 1304 arti-

226 1329 310 1402 culo
328 1327 798 1403 fefellitUndeRus’ticanis
813 1331 857 1404 de
868 1331 1029 1404 Vothem
1047 1330 1251 1402 Carbonum
1281 1349 1324 1420 ue
1340 1327 1496 1401 Foliori·

211 1425 291 1500 'bus
308 1451 372 1524 per
390 1430 535 1499 Portam
556 1428 591 1500 S.
610 1427 828 1526 Margaretae
846 1431 883 1502 in
898 1430 1069 1502 auxilium
1088 1427 1218 1526 Populi
1236 1352 1500 1519 ululantibus,

215 1525 345 1694 'llll
359 1521 1499 1720 listronbalsimiusintersitaln

223 1717 403 1818 stt,quem
422 1721 520 1794 Sarut
535 1741 667 1794 vocant
677 1719 716 1809 ς)
736 1719 890 1801 Nobiles
913 1721 1019 1798 sanni
1038 1722 1191 1796 Martini
1217 1745 1284 1794 ceu
1302 1739 1421 1793 tutum
1438 1719 1496 1793 fu·

222 1835 350 1906 turum
362 1816 494 1918 asylum
502 1815 697 1894 Ecclesiam
709 1837 913 1920 occupant,
929 1819 1090 1920 foresque
1108 1819 1344 1918 praecludunt.
1370 1819 1424 1890 Po
1451 1841 1495 1892 u·

221 1914 295 2008 lus,
315 1915 489 2014 quantum
508 1941 657 1992 numero
675 1913 833 2011 metior,
851 1919 1267 2008 tantumdemferocior,
1286 1916 1325 1990 δε
1344 1929 1391 2016 qu
1456 1919 1496 1990 in

212 2011 377 2086 'furorem
405 2013 534 2108 astus,
567 2015 724 2116 undique
753 2017 997 2118 circumponit
1022 2018 1203 2090 materiam
1230 2013 1393 2106 aridam,
1422 2013 1496 2088 Ec·

216 2108 432 2208 ¹cleliamque
467 2111 631 2196 accendit
652 2110 936 2212 :miserabilique
970 2111 1183 2214 &indigno
1210 2114 1308 2188 Viris
1341 2110 1499 2187 sortibus

217 2211 346 2283 mortis
369 2231 501 2310 genere
517 2263 530 2304 ‚
558 2229 739 2311 quotquot
766 2213 1007 2306 intraverant,
1035 2237 1118 2286 cum
1137 2211 1214 2312 ipso
1231 2213 1268 2283 in
1285 2212 1420 2284 cineres
1438 2235 1495 2285 re-

218 2304 323 2379 da&o
340 2307 500 2407 Templo
521 2329 743 2410 ‚penetrent
759 2307 873 2384 Fuere
899 2307 920 2384 s
918 2335 1006 2410 upra
1030 2309 1204 2384 ducentos
1216 2359 1230 2402 ‚r
1253 2331 1330 2406 pate
1347 2306 1413 2380 alia
1430 2331 1497 2410 per

213 2407 372 2502 'privatas
401 2405 527 2480 domos
545 2404 699 2482 elabitur
718 2407 915 2510 :aiuntque
944 2407 1086 2508 quidam
1107 2409 1142 2480 in
1168 2409 1270 2481 unius
1287 2425 1494 2498 matronae,

220 2525 326 2601 quam
345 2503 501 2578 Mariam
517 2503 668 2579 Foxiam
681 2525 842 2599 ¹nocant,
861 2505 971 2586 domo
990 2503 1142 2581 furatos
1212 2503 1420 2604 inquaginta
1436 2503 1494 2578 su·

157 2613 163 2628 ⁸
217 2622 283 2700 pra
301 2620 447 2675 centum
469 2654 482 2695 ,
508 2603 662 2680 delinitis
682 2603 836 2704 praebito
854 2623 945 2704 potu
962 2601 1122 2682 Civibua
1192 2602 1383 2676 urrendum
1399 2600 1494 2676 illud

166 2708 171 2716 '
217 2721 260 2771 ac
280 2698 421 2797 prorsus,
440 2699 627 2778 barbatum
646 2699 783 2776 sueinus
806 2703 1001 2802 :reliquam
1023 2699 1291 2791 Nobilitatem,
1309 2702 1346 2772 iu
1367 2699 1494 2795 primic

218 2795 421 2871 Losl'ensem
436 2797 579 2898 peffime
598 2797 723 2876 habuit
742 2799 938 2874 Comitem.
970 2799 1056 2876 Nec
1075 2817 1211 2874 tantam
1232 2799 1397 2898 injuriam
1417 2798 1492 2870 ani·

219 2915 370 2968 mocon

219 3009 297 3066 mm
314 2917 527 3072 nm
544 2893 1492 3106 tuctus?rlflrlrrrrmsrrtnut

208 3088 298 3162 'fieri
316 3089 403 3165 solet
421 3091 506 3166 dum
527 3093 588 3192 qui
606 3091 764 3168 facinora
779 3119 824 3169 co
855 3097 860 3110 '
931 3115 978 3187 t,
1008 3092 1190 3192 sontesque
1208 3091 1245 3191 pl
1304 3110 1340 3165 at
1356 3115 1418 3166 vrx
1435 3089 1491 3164 ul-

217 3187 271 3260 lus
296 3209 417 3262 extare
441 3191 609 3270 creditur.
636 3187 794 3268 concert
929 3213 1024 3267 tores
1043 3213 1171 3266 vexare
1189 3193 1366 3276 omniura
1393 3189 1489 3281 inis,

216 3287 290 3360 viat
307 3284 498 3378 oblidere,
521 3287 717 3386 depraedari
743 3315 814 3390 quo
844 3289 944 3382 ibet,
961 3285 1060 3364 nullo
1078 3287 1279 3364 discrimine
1297 3319 1309 3375 t
1329 3215 1392 3360 seq
1411 3309 1491 3360 om·

217 3384 318 3457 nium
337 3383 495 3460 maxime
512 3385 688 3460 horrenda
704 3385 851 3461 fuitilla
869 3387 1111 3460 recrudescens
1139 3385 1286 3460 duarum
1314 3383 1490 3466 nobilium

217 3481 445 3558 Familiattrm
471 3481 683 3557 Warouciae
709 3479 747 3558 bt
773 3485 955 3560 Awantiae
974 3485 1168 3576 dissentio,
1195 3505 1275 3582 quae
1303 3479 1491 3557 occasione

217 3581 288 3654 hic
305 3583 352 3652 in‘
383 3579 507 3656 nissimi
527 3585 699 3682 temporis
721 3585 891 3684 arrepti,
917 3583 961 3657 de
987 3584 1188 3658 alterutrius
1213 3577 1355 3656 excidio
1416 3577 1488 3656 uafi

218 3697 306 3760 cont
375 3680 493 3756 ebant.
513 3677 799 3778 ¹Warouciarum
812 3683 964 3783 partium
975 3701 1049 3757 erat
1066 3679 1119 3755 Ca
1146 3701 1187 3755 ut
1204 3679 1383 3754 Henricus
1431 3698 1488 3750 er·

218 3775 379 3868 mallius,
397 3801 453 3850 ma
481 3781 525 3856 nb
543 3777 679 3878 pollent
695 3781 912 3860 authoritate
931 3779 1025 3882 apud
1045 3707 1289 3855 Nobilitatem
1310 3774 1348 3850 bt
1364 3775 1486 3874 Popu-

218 3872 294 3944 lum
311 3801 516 3986 Hoyensem
537 3903 546 3948 ε
564 3877 616 3950 illi
642 3901 687 3952 ue
702 3876 736 3952 se
750 3883 947 3980 junxerunt
973 3875 1198 3970 Warsuzell,
1219 3874 1386 3951 hatenus
1405 3873 1486 3974 qui·

218 3967 300 4042 dem
319 3969 477 4046 amicitii
490 3969 606 4076 juncti
661 3979 802 4055 wantiis
820 4029 833 4071 ,
850 3977 908 4052 sed
926 3979 1062 4052 recenti
1084 3971 1253 4054 stimulati
1271 3967 1489 4075 injuriirab

217 4068 272 4144 eia
287 4067 506 4172 seeell'erant.
531 4071 789 4156 nwanuorum
813 4097 947 4154 numen
974 4073 1141 4154 tuebatur
1168 4069 1385 4152 Guilelmus
1407 4067 1487 4164 1¹1⁸}
