3298 4690
268 282 347 354 ηὸ
573 263 632 322 '³
700 273 1114 354 HISTORIA
1253 351 1322 362 ,,
1450 335 1497 366 ᾉ,
1631 363 1632 366 Ν

253 375 391 490 secutus
417 375 529 450 vitam
557 375 651 492 intra
669 374 903 546 guarriduum
932 375 1113 467 Henricus
1141 363 1367 487 'natu-senior
1393 365 1534 468 frater,
1631 399 1632 402 ¹

253 493 398 575 utrique
415 473 595 548 Amoldus
613 501 650 548 rn
705 494 857 549 omrtatu
874 471 1085 566 succedens,
1105 471 1200 548 ahud
1228 495 1374 570 qaroque
1398 473 1529 574 adjecit

257 570 504 666 Beneficium,
524 571 633 672 idque
651 574 775 672 paucis
791 570 813 643 *a
829 590 945 644 morte
963 569 1145 670 utriusque
1163 568 1280 645 fratris
1296 569 1431 645 diebus.
1631 633 1632 662 2

299 673 328 716 ·”
356 670 399 742 In
416 673 561 744 nomine
591 669 717 744 sanstae
748 667 997 742 &individuae
1026 668 1228 742 Trinitatis.
1262 666 1443 741 Amoldus
1464 669 1530 742 Dei

256 769 278 799 ’'
305 768 423 866 gratii
460 767 592 848 Comes
619 767 664 841 de
683 767 770 842 Los.
805 766 986 842 Omnibus
1009 764 1155 865 presens
1172 763 1343 864 seriptum
1362 765 1422 838 ins
1440 765 1532 840 ettu-
1630 799 1632 846 a

257 867 280 896 ’¹
307 866 365 938 ris.
392 867 436 939 In
453 883 667 966 perpetuum
687 863 820 938 saecum
847 861 1058 936 dileetiffimi
1078 856 1193 936 fratris
1218 861 1329 936 nostri
1349 860 1388 936 δε
1445 867 1533 938 om
1631 871 1632 904 i

258 965 288 1014 ”=
308 965 345 1035 ni
365 965 434 1062 piae
454 962 639 1036 memoriae
659 962 841 1060 Ludovici
858 961 1034 1054 Comitis,
1056 961 1099 1034 ad
1119 962 1284 1034 notitiam
1294 979 1368 1033 tam
1387 961 1532 1060 praesen·

260 1063 282 1093 ”
309 1063 423 1153 tium,
445 1061 552 1232 quim
566 1058 793 1152 futurorum,
811 1057 1022 1151 tetradiam,
1040 1077 1147 1158 atque
1164 1057 1209 1132 ad
1225 1057 1372 1142 salutem
1388 1062 1534 1152 animae,
1630 1059 1632 1066 ’

260 1159 283 1191 ”
310 1157 443 1256 ipsrusi
470 1183 529 1256 em,
549 1157 683 1234 facium
703 1157 918 1232 confirmare
941 1157 1091 1260 dignum
1117 1155 1283 1230 duximus
1307 1181 1348 1228 ac
1368 1153 1527 1250 salubre:

257 1259 289 1290 ”'
309 1257 492 1333 Noveriut
503 1259 621 1354 itaque
630 1256 779 1348 uiverfi,
799 1275 870 1328 tam
882 1253 1183 1353 praesentesqudm
1203 1254 1355 1353 posteri,
1376 1253 1471 1354 quod
1479 1255 1541 1328 di:
1631 1263 1632 1346 s

259 1358 282 1389 ”
309 1352 412 1427 10&ae
433 1355 536 1428 nobis
548 1353 693 1427 Sorores
710 1352 754 1426 de
772 1353 1035 1445 Herkenrode,
1051 1352 1201 1427 Ordinis
1211 1350 1471 1444 Cistercienfis,
1488 1353 1528 1427 de

258 1455 283 1487 ”
309 1454 493 1525 communi
513 1449 664 1522 consilio
688 1449 962 1548 quadringentas
986 1473 1119 1524 marcas
1137 1448 1349 1522 Leodicnses
1366 1450 1527 1523 cariffimo

209 1567 212 1574 ·
260 1552 283 1584 ”
311 1547 410 1620 fratri
430 1547 552 1621 nostro
570 1547 607 1620 ὅ(
628 1549 792 1620 Domino
855 1567 991 1620 atanter
1010 1546 1048 1620 &
1064 1547 1269 1647 opportune
1288 1549 1529 1622 accommoda·
1631 1617 1632 1640 ,

259 1649 283 1678 ”
309 1650 437 1718 verunt
456 1645 499 1718 ad
524 1670 613 1744 opus
639 1647 775 1718 itineris
802 1569 1109 1738 ffrosoimimi,
1162 1647 1220 1718 uia
1237 1644 1357 1718 Cruce
1386 1645 1532 1746 fignatus

261 1747 283 1777 ”
309 1762 383 1816 erat
404 1770 413 1815 ε
432 1745 482 1818 ita
499 1741 577 1817 sane
596 1741 694 1842 quod
711 1743 813 1818 nobis
832 1741 1041 1842 caeterisque
1056 1670 1245 1817 heredibus
1261 1742 1428 1817 affensum
1445 1769 1531 1842 prae·
1611 1739 1615 1756 '

259 1844 290 1888 '’·
308 1839 495 1933 bentibus,
513 1864 636 1913 omnes
656 1840 790 1914 frustus
808 1841 1042 1914 Decimarum
1061 1839 1107 1913 dc
1124 1840 1283 1932 Haffelt,
1302 1841 1347 1913 de
1361 1841 1536 1942 Kermpt,

260 1942 283 1972 '⁹
310 1937 354 2011 de
364 1937 628 2037 Curingen,de
639 1939 842 2012 Stockrode
850 1939 888 2012 in
897 1935 1155 2036 elcemosynam
1167 1935 1278 2012 iibere
1288 1940 1530 2038 perciperent,
1631 2027 1632 2032 η

259 2039 283 2070 ”
309 2034 513 2136 quoadusqu
579 2035 736 2132 raedidtae
753 2037 920 2109 Decimae
937 2035 1216 2128 redimerentur,
1235 2035 1273 2110 &
1290 2057 1378 2110 tunc
1396 2057 1475 2112 tota
1489 2042 1535 2118 eis
1624 2033 1632 2080 ’ἕ

227 2218 231 2223 ,
259 2137 283 2168 ”
309 2135 461 2233 pecunia
480 2133 543 2207 red
569 2155 709 2226 eretur,
735 2131 907 2206 irudiibus
925 2153 1045 2206 tamen
1062 2135 1205 2206 interim
1225 2158 1310 2233 perc
1358 2135 1426 2226 tis,
1450 2135 1537 2208 &in
1625 2153 1632 2174 “

262 2235 286 2264 ’¹
312 2231 570 2331 eleemosynam
580 2231 743 2322 collatis,
759 2233 797 2303 in
813 2229 944 2304 sortem
961 2255 1038 2304 non
1053 2231 1315 2329 computandis.
1363 2232 1461 2306 osteai
1477 2258 1538 2306 ve·

263 2331 287 2362 ”
312 2327 377 2420 τὸ,
404 2326 490 2402 dum
508 2327 697 2403 carissimus
715 2327 823 2404 fiater
832 2327 952 2401 noster
968 2325 1200 2402 &Dominus
1215 2331 1255 2402 in
1270 2332 1439 2403 extremis
1521 2369 1535 2386 ·

263 2430 286 2460 ”
312 2446 389 2519 ret,
406 2425 519 2502 tardius
537 2425 559 2500 s
576 2428 664 2500 iritu
678 2426 901 2518 devotionis,
932 2425 981 2500 ob
999 2425 1196 2499 remedium
1260 2353 1540 2502 emtorumidd·

141 2598 145 2604 .
261 2527 285 2558 ”
311 2541 413 2617 rum,
432 2451 618 2626 praedissas
626 2525 794 2600 Decimas
812 2549 896 2598 cum
906 2522 1071 2596 omnibus
1088 2545 1206 2694 {efen
1231 2526 1410 2617 iuis-suis,
1428 2526 1538 2600 dilec-

162 2691 174 2702 .
261 2625 284 2659 ”
309 2623 355 2697 tis
375 2623 596 2713 Sororibus,
619 2623 657 2695 in
674 2623 792 2697 nostra
814 2620 1027 2721 &plurium
1045 2646 1088 2722 pr
1134 2624 1250 2714 entia,
1269 2643 1445 2722 perpetuo
1464 2628 1542 2722 jure

247 2723 284 2753 '”
311 2718 529 2834 poffidendas
556 2719 667 2793 libere
692 2719 731 2793 &
756 2716 916 2793 absolute
943 2717 1172 2794 contradidit.
1204 2721 1290 2794 Nos
1306 2722 1356 2794 ita
1381 2745 1427 2794 ue
1446 2723 1540 2796 hanc

262 2821 286 2850 ’⁹
313 2816 420 2915 ipsius
439 2818 668 2892 donationem
679 2819 773 2918 piam
785 2815 824 2888 δι
842 2813 1055 2890 salutiferam
1075 2818 1310 2917 approbantes
1326 2869 1339 2910 ,
1357 2747 1403 2892 dt
1421 2820 1470 2892 ob
1489 2817 1540 2894 sa·

259 2917 282 2951 '¹
309 2913 422 2988 lutem
438 2919 565 2990 anime
582 2913 673 3007 suae,
691 2915 730 2989 dc
746 2913 863 2988 fratris
874 2913 983 2988 nostri
995 2916 1172 3009 hienrici,
1190 2917 1539 3016 acpraedecefforum

258 3015 288 3053 '’·
309 3011 539 3108 nostrorum,
561 3034 671 3088 ratam
690 3013 820 3087 habere
838 3015 1056 3114 cupientess
1079 3013 1125 3086 sae
1172 3012 1280 3088 dicias
1299 3017 1467 3089 Decimas
1500 3017 1539 3088 in

258 3113 283 3144 ”
309 3135 431 3185 manus
455 3113 607 3186 Domini
625 3113 795 3212 Hugonis
812 3111 1019 3186 L‘eodienfis
1038 3109 1109 3210 Epi
1124 3117 1208 3212 copi
1226 3112 1269 3185 ad
1291 3137 1313 3185 o
1341 3137 1380 3185 us
1402 3111 1539 3186 Sancti·-

267 3211 291 3244 ”
317 3209 527 3283 monialium
547 3213 668 3283 corani
681 3210 802 3282 multis
819 3211 1107 3309 reportavimus,
1123 3215 1205 3308 quas
1222 3209 1296 3310 ipse
1315 3137 1540 3310 Episcopus,
1617 3209 1626 3235 ⁸

258 3309 283 3342 ’'
308 3332 375 3406 pro
393 3305 515 3382 favore
532 3305 616 3397 suo,
637 3305 709 3378 sane
727 3313 848 3398 moia,
867 3309 916 3379 cis
935 3303 1047 3378 libere
1065 3307 1246 3400 contulit,
1272 3307 1447 3383 &litteris
1464 3307 1539 3391 suis

256 3406 282 3438 ”
309 3404 475 3480 firmavit.
499 3400 676 3478 Praeterei
705 3404 915 3503 indigentia:
933 3403 973 3475 ὃ(
999 3402 1193 3480 neceffitati
1220 3429 1340 3479 earum
1364 3407 1539 3482 Sororum

257 3503 281 3536 ”
307 3503 503 3579 nostrarum
522 3505 560 3576 in
577 3499 743 3575 omnibus
763 3501 952 3601 providere
966 3500 1126 3576 volentes
1142 3536 1157 3592 ⁵
1189 3503 1234 3578 ad
1251 3507 1422 3605 majorem
1448 3529 1540 3579 con·

258 3599 283 3632 ’⁹
308 3597 518 3676 finnatiom's
545 3595 726 3703 praedittae
744 3599 939 3692 cautelam,
962 3600 1011 3674 ob
1030 3600 1227 3676 remedium
1239 3605 1349 3676 etiam
1392 3622 1539 3677 cecato·

258 3698 285 3783 ’.'
308 3717 387 3768 rum
415 3699 652 3794 nostrorum,
689 3695 977 3774 'us-Patronatias
996 3697 1166 3773 Ecclefiae
1185 3700 1231 3773 de
1254 3629 1424 3794 Hass'eii,
1450 3725 1538 3776 cum

258 3795 281 3826 '²
308 3794 446 3866 caeteris
462 3795 631 3870 Ecclefiis
649 3727 712 3872 fidi
728 3797 982 3887 attinentibus,
1001 3797 1098 3895 quod
1118 3798 1157 3870 in
1175 3796 1293 3872 nostra
1310 3823 1418 3874 manu
1434 3819 1538 3873 tene·
1631 3871 1632 3894 ,

256 3891 279 3924 ”
303 3889 450 3982 bamus,
477 3891 523 3965 de
538 3893 707 3970 consensu
721 3897 843 3969 uxoris
861 3893 991 3968 nosttae
1003 3894 1155 3996 Aleydis
1171 3895 1370 3970 Comitiffae
1389 3948 1402 3990 ,
1419 3897 1536 3970 'libere
1631 3903 1632 3908 ’

256 3991 279 4023 ”
304 3987 557 4082 contulimus,
586 4014 727 4065 necnon
756 3991 990 4090 piscationem
1014 3989 1034 4062 ὲ
1064 3997 1204 4101 magno¹
1212 3995 1331 4068 Ponte
1356 3993 1535 4094 usquead

253 4085 279 4125 ”
302 4085 613 4210 Molendinuiude
630 4077 800 4187 'Thulte,
816 4089 863 4167 ad
880 4085 1112 4170 refectionem
1133 4089 1537 4191 infirmorumsupcmdq
