<?xml version="1.0" encoding="UTF-8"?>
<!DOCTYPE html PUBLIC "-//W3C//DTD XHTML 1.0 Transitional//EN"
    "http://www.w3.org/TR/xhtml1/DTD/xhtml1-transitional.dtd">
<html xmlns="http://www.w3.org/1999/xhtml" xml:lang="en" lang="en">
 <head>
  <title>
</title>
<meta http-equiv="Content-Type" content="text/html;charset=utf-8" />
  <meta name='ocr-system' content='tesseract 3.04.00' />
  <meta name='ocr-capabilities' content='ocr_page ocr_carea ocr_par ocr_line ocrx_word'/>
</head>
<body>
  <div class='ocr_page' id='page_1' title='image "./historiaelossen00mantgoog_0189.png"; bbox 0 0 3358 4690; ppageno 0'>
   <div class='ocr_carea' id='block_1_1' title="bbox 91 285 1461 2736">
    <p class='ocr_par' dir='ltr' id='par_1_1' title="bbox 114 285 1394 590">
     <span class='ocr_line' id='line_1_1' title="bbox 197 285 1391 396; baseline 0.003 -33"><span class='ocrx_word' id='word_1_1' title='bbox 197 371 204 378; x_wconf 60' lang='grc'><strong>,</strong></span> <span class='ocrx_word' id='word_1_2' title='bbox 414 285 1038 366; x_wconf 84' lang='lat' dir='ltr'>LOSENSIS.Lib.VI.</span> <span class='ocrx_word' id='word_1_3' title='bbox 1149 335 1152 340; x_wconf 67' lang='lat'><em>,</em></span> <span class='ocrx_word' id='word_1_4' title='bbox 1312 289 1391 396; x_wconf 66' lang='grc' dir='ltr'>’τῃ</span> 
     </span>
     <span class='ocr_line' id='line_1_2' title="bbox 115 387 1386 493; baseline -0.001 -25"><span class='ocrx_word' id='word_1_5' title='bbox 115 387 297 490; x_wconf 77' lang='lat' dir='ltr'>line&#39;prodi</span> <span class='ocrx_word' id='word_1_6' title='bbox 329 389 364 462; x_wconf 83' lang='lat' dir='ltr'>&#39;o</span> <span class='ocrx_word' id='word_1_7' title='bbox 373 387 759 489; x_wconf 72' lang='lat' dir='ltr'>expirantisecorpore</span> <span class='ocrx_word' id='word_1_8' title='bbox 768 387 949 464; x_wconf 87' lang='lat' dir='ltr'>suavislimi</span> <span class='ocrx_word' id='word_1_9' title='bbox 959 387 1096 462; x_wconf 84' lang='lat' dir='ltr'>odoris:</span> <span class='ocrx_word' id='word_1_10' title='bbox 1110 403 1216 490; x_wconf 82' lang='lat' dir='ltr'>atque</span> <span class='ocrx_word' id='word_1_11' title='bbox 1228 389 1386 493; x_wconf 84' lang='lat' dir='ltr'>ita‚quae</span> 
     </span>
     <span class='ocr_line' id='line_1_3' title="bbox 114 411 1394 590; baseline 0.002 -26"><span class='ocrx_word' id='word_1_12' title='bbox 114 494 149 564; x_wconf 88' lang='lat' dir='ltr'>in</span> <span class='ocrx_word' id='word_1_13' title='bbox 164 411 339 564; x_wconf 60' lang='lat' dir='ltr'>Loslend¹</span> <span class='ocrx_word' id='word_1_14' title='bbox 352 509 435 560; x_wconf 80' lang='lat' dir='ltr'>natu</span> <span class='ocrx_word' id='word_1_15' title='bbox 460 487 618 580; x_wconf 91' lang='lat' dir='ltr'>Alodio,</span> <span class='ocrx_word' id='word_1_16' title='bbox 638 487 906 579; x_wconf 86' lang='lat' dir='ltr'>Brustemiensr,</span> <span class='ocrx_word' id='word_1_17' title='bbox 933 489 974 559; x_wconf 89' lang='lat' dir='ltr'>in</span> <span class='ocrx_word' id='word_1_18' title='bbox 987 486 1192 562; x_wconf 89' lang='lat' dir='ltr'>Milenienfi</span> <span class='ocrx_word' id='word_1_19' title='bbox 1212 491 1361 590; x_wconf 89' lang='lat' dir='ltr'>quiescit</span> <span class='ocrx_word' id='word_1_20' title='bbox 1377 543 1394 586; x_wconf 85' lang='lat'>,</span> 
     </span>
    </p>

    <p class='ocr_par' dir='ltr' id='par_1_2' title="bbox 114 575 979 686">
     <span class='ocr_line' id='line_1_4' title="bbox 114 575 979 686; baseline -0.006 -22"><span class='ocrx_word' id='word_1_21' title='bbox 114 587 337 686; x_wconf 85' lang='lat' dir='ltr'>Loffiamque</span> <span class='ocrx_word' id='word_1_22' title='bbox 363 583 430 660; x_wconf 81' lang='lat' dir='ltr'>suis</span> <span class='ocrx_word' id='word_1_23' title='bbox 445 583 547 659; x_wconf 86' lang='lat' dir='ltr'>sacris</span> <span class='ocrx_word' id='word_1_24' title='bbox 574 607 723 660; x_wconf 85' lang='lat' dir='ltr'>exornat</span> <span class='ocrx_word' id='word_1_25' title='bbox 742 587 901 660; x_wconf 88' lang='lat' dir='ltr'>Exuviis.</span> <span class='ocrx_word' id='word_1_26' title='bbox 961 575 979 606; x_wconf 75' lang='lat'>⁸</span> 
     </span>
    </p>

    <p class='ocr_par' dir='ltr' id='par_1_3' title="bbox 91 682 1461 2159">
     <span class='ocr_line' id='line_1_5' title="bbox 161 682 1389 788; baseline 0.002 -28"><span class='ocrx_word' id='word_1_27' title='bbox 161 685 268 760; x_wconf 91' lang='lat' dir='ltr'>Ordo</span> <span class='ocrx_word' id='word_1_28' title='bbox 286 682 451 756; x_wconf 86' lang='lat' dir='ltr'>Militum</span> <span class='ocrx_word' id='word_1_29' title='bbox 467 683 585 758; x_wconf 83' lang='lat' dir='ltr'>beatae</span> <span class='ocrx_word' id='word_1_30' title='bbox 594 683 1056 784; x_wconf 81' lang='lat' dir='ltr'>MariaeJerosolymitanae‚</span> <span class='ocrx_word' id='word_1_31' title='bbox 1081 685 1198 788; x_wconf 76' lang='lat' dir='ltr'>vulgis</span> <span class='ocrx_word' id='word_1_32' title='bbox 1206 685 1389 762; x_wconf 85' lang='lat' dir='ltr'>Teutoni·</span> 
     </span>
     <span class='ocr_line' id='line_1_6' title="bbox 115 777 1396 885; baseline 0.002 -28"><span class='ocrx_word' id='word_1_33' title='bbox 115 808 262 876; x_wconf 80' lang='lat' dir='ltr'>eorum,</span> <span class='ocrx_word' id='word_1_34' title='bbox 282 802 428 854; x_wconf 80' lang='lat' dir='ltr'>exortus</span> <span class='ocrx_word' id='word_1_35' title='bbox 444 777 465 854; x_wconf 75' lang='lat' dir='ltr'>d</span> <span class='ocrx_word' id='word_1_36' title='bbox 481 783 657 876; x_wconf 79' lang='lat' dir='ltr'>triennio,</span> <span class='ocrx_word' id='word_1_37' title='bbox 677 781 912 856; x_wconf 82' lang='lat' dir='ltr'>confirmatur</span> <span class='ocrx_word' id='word_1_38' title='bbox 929 781 949 854; x_wconf 74' lang='grc' dir='ltr'>ὲ</span> <span class='ocrx_word' id='word_1_39' title='bbox 972 782 1171 855; x_wconf 87' lang='lat' dir='ltr'>Coelestino</span> <span class='ocrx_word' id='word_1_40' title='bbox 1191 785 1288 885; x_wconf 87' lang='lat' dir='ltr'>Papa</span> <span class='ocrx_word' id='word_1_41' title='bbox 1296 811 1396 860; x_wconf 85' lang='lat' dir='ltr'>anno</span> 
     </span>
     <span class='ocr_line' id='line_1_7' title="bbox 118 879 1394 980; baseline 0.001 -24"><span class='ocrx_word' id='word_1_42' title='bbox 118 907 153 956; x_wconf 86' lang='lat' dir='ltr'>rr</span> <span class='ocrx_word' id='word_1_43' title='bbox 161 906 205 968; x_wconf 86' lang='lat'>91</span> <span class='ocrx_word' id='word_1_44' title='bbox 233 908 241 954; x_wconf 94' lang='lat'><strong>:</strong></span> <span class='ocrx_word' id='word_1_45' title='bbox 260 901 369 978; x_wconf 82' lang='lat' dir='ltr'>atque</span> <span class='ocrx_word' id='word_1_46' title='bbox 386 903 431 952; x_wconf 78' lang='lat' dir='ltr'>en</span> <span class='ocrx_word' id='word_1_47' title='bbox 448 905 493 953; x_wconf 88' lang='lat' dir='ltr'>eo</span> <span class='ocrx_word' id='word_1_48' title='bbox 511 900 676 980; x_wconf 89' lang='lat' dir='ltr'>tempore</span> <span class='ocrx_word' id='word_1_49' title='bbox 691 881 829 980; x_wconf 83' lang='lat' dir='ltr'>aliquot</span> <span class='ocrx_word' id='word_1_50' title='bbox 846 879 1064 974; x_wconf 84' lang='lat' dir='ltr'>Monasteria</span> <span class='ocrx_word' id='word_1_51' title='bbox 1091 879 1127 953; x_wconf 72' lang='grc' dir='ltr'>δι</span> <span class='ocrx_word' id='word_1_52' title='bbox 1147 880 1394 957; x_wconf 82' lang='lat' dir='ltr'>Commenda-</span> 
     </span>
     <span class='ocr_line' id='line_1_8' title="bbox 114 977 1461 1082; baseline 0.001 -29"><span class='ocrx_word' id='word_1_53' title='bbox 114 983 246 1070; x_wconf 86' lang='lat' dir='ltr'>tarias,</span> <span class='ocrx_word' id='word_1_54' title='bbox 274 999 316 1051; x_wconf 90' lang='lat' dir='ltr'>ut</span> <span class='ocrx_word' id='word_1_55' title='bbox 340 999 492 1070; x_wconf 85' lang='lat' dir='ltr'>vocant,</span> <span class='ocrx_word' id='word_1_56' title='bbox 511 977 682 1052; x_wconf 88' lang='lat' dir='ltr'>obtinuit.</span> <span class='ocrx_word' id='word_1_57' title='bbox 708 980 815 1050; x_wconf 84' lang='lat' dir='ltr'>Anno</span> <span class='ocrx_word' id='word_1_58' title='bbox 838 987 950 1051; x_wconf 76' lang='lat'><em>1216.</em></span> <span class='ocrx_word' id='word_1_59' title='bbox 970 977 1167 1075; x_wconf 90' lang='lat' dir='ltr'>Templum</span> <span class='ocrx_word' id='word_1_60' title='bbox 1187 979 1236 1051; x_wconf 82' lang='lat' dir='ltr'>B.</span> <span class='ocrx_word' id='word_1_61' title='bbox 1260 981 1387 1082; x_wconf 81' lang='lat' dir='ltr'>virgi·</span> <span class='ocrx_word' id='word_1_62' title='bbox 1455 1028 1461 1042; x_wconf 90' lang='lat'><em>-</em></span> 
     </span>
     <span class='ocr_line' id='line_1_9' title="bbox 113 1074 1391 1176; baseline 0.002 -25"><span class='ocrx_word' id='word_1_63' title='bbox 113 1082 165 1152; x_wconf 87' lang='lat' dir='ltr'>nis</span> <span class='ocrx_word' id='word_1_64' title='bbox 174 1083 210 1150; x_wconf 89' lang='lat' dir='ltr'>in</span> <span class='ocrx_word' id='word_1_65' title='bbox 218 1078 358 1171; x_wconf 89' lang='lat' dir='ltr'>Juncis,</span> <span class='ocrx_word' id='word_1_66' title='bbox 376 1081 439 1148; x_wconf 74' lang='lat' dir='ltr'>Ten</span> <span class='ocrx_word' id='word_1_67' title='bbox 446 1078 517 1149; x_wconf 83' lang='lat' dir='ltr'>alde</span> <span class='ocrx_word' id='word_1_68' title='bbox 526 1075 661 1173; x_wconf 78' lang='lat' dir='ltr'>Birsen,</span> <span class='ocrx_word' id='word_1_69' title='bbox 675 1077 856 1176; x_wconf 86' lang='lat' dir='ltr'>Tungrim</span> <span class='ocrx_word' id='word_1_70' title='bbox 867 1074 1238 1176; x_wconf 74' lang='lat' dir='ltr'>inter&amp;&#39;l&#39;&#39;rajedlum,</span> <span class='ocrx_word' id='word_1_71' title='bbox 1257 1077 1391 1154; x_wconf 86' lang='lat' dir='ltr'>Theo·</span> 
     </span>
     <span class='ocr_line' id='line_1_10' title="bbox 114 1172 1389 1274; baseline 0.002 -25"><span class='ocrx_word' id='word_1_72' title='bbox 114 1177 256 1249; x_wconf 88' lang='lat' dir='ltr'>doricus</span> <span class='ocrx_word' id='word_1_73' title='bbox 283 1173 413 1274; x_wconf 86' lang='lat' dir='ltr'>insigni</span> <span class='ocrx_word' id='word_1_74' title='bbox 439 1172 629 1259; x_wconf 69' lang='lat' dir='ltr'>sansiitatis</span> <span class='ocrx_word' id='word_1_75' title='bbox 646 1177 817 1274; x_wconf 92' lang='lat' dir='ltr'>opinione</span> <span class='ocrx_word' id='word_1_76' title='bbox 836 1173 1031 1246; x_wconf 83' lang='lat' dir='ltr'>celebratus</span> <span class='ocrx_word' id='word_1_77' title='bbox 1049 1224 1062 1264; x_wconf 81' lang='lat'>,</span> <span class='ocrx_word' id='word_1_78' title='bbox 1091 1198 1196 1272; x_wconf 89' lang='lat' dir='ltr'>quem</span> <span class='ocrx_word' id='word_1_79' title='bbox 1215 1173 1389 1252; x_wconf 67' lang='lat' dir='ltr'>Caesarius</span> 
     </span>
     <span class='ocr_line' id='line_1_11' title="bbox 114 1269 1389 1372; baseline 0.001 -24"><span class='ocrx_word' id='word_1_80' title='bbox 114 1274 282 1348; x_wconf 82' lang='lat' dir='ltr'>Livoniae</span> <span class='ocrx_word' id='word_1_81' title='bbox 314 1291 422 1344; x_wconf 86' lang='lat' dir='ltr'>vocat</span> <span class='ocrx_word' id='word_1_82' title='bbox 449 1271 700 1372; x_wconf 82' lang='lat' dir='ltr'>Episcopum,</span> <span class='ocrx_word' id='word_1_83' title='bbox 727 1271 950 1370; x_wconf 82' lang='lat' dir='ltr'>Petrapontii</span> <span class='ocrx_word' id='word_1_84' title='bbox 971 1269 1178 1344; x_wconf 85' lang='lat' dir='ltr'>Leodienlis</span> <span class='ocrx_word' id='word_1_85' title='bbox 1206 1273 1389 1350; x_wconf 78' lang='lat' dir='ltr'>Antistitis-</span> 
     </span>
     <span class='ocr_line' id='line_1_12' title="bbox 114 1367 1387 1471; baseline -0.001 -25"><span class='ocrx_word' id='word_1_86' title='bbox 114 1373 235 1446; x_wconf 86' lang='lat' dir='ltr'>Roma</span> <span class='ocrx_word' id='word_1_87' title='bbox 270 1369 426 1444; x_wconf 85' lang='lat' dir='ltr'>necdum</span> <span class='ocrx_word' id='word_1_88' title='bbox 461 1369 590 1444; x_wconf 85' lang='lat' dir='ltr'>reversr</span> <span class='ocrx_word' id='word_1_89' title='bbox 618 1369 864 1471; x_wconf 84' lang='lat' dir='ltr'>Suffraganeus</span> <span class='ocrx_word' id='word_1_90' title='bbox 892 1367 1073 1442; x_wconf 87' lang='lat' dir='ltr'>consecrat</span> <span class='ocrx_word' id='word_1_91' title='bbox 1103 1421 1116 1460; x_wconf 88' lang='lat'><strong>‚</strong></span> <span class='ocrx_word' id='word_1_92' title='bbox 1157 1371 1255 1468; x_wconf 92' lang='lat' dir='ltr'>quod</span> <span class='ocrx_word' id='word_1_93' title='bbox 1283 1374 1387 1471; x_wconf 91' lang='lat' dir='ltr'>quin-</span> 
     </span>
     <span class='ocr_line' id='line_1_13' title="bbox 115 1465 1393 1570; baseline -0.002 -26"><span class='ocrx_word' id='word_1_94' title='bbox 115 1471 270 1570; x_wconf 90' lang='lat' dir='ltr'>quennio</span> <span class='ocrx_word' id='word_1_95' title='bbox 282 1467 393 1568; x_wconf 85' lang='lat' dir='ltr'>post„</span> <span class='ocrx_word' id='word_1_96' title='bbox 405 1491 631 1560; x_wconf 83' lang='lat' dir='ltr'>annorzzr,</span> <span class='ocrx_word' id='word_1_97' title='bbox 648 1467 770 1542; x_wconf 89' lang='lat' dir='ltr'>datum</span> <span class='ocrx_word' id='word_1_98' title='bbox 778 1467 846 1541; x_wconf 90' lang='lat' dir='ltr'>illis</span> <span class='ocrx_word' id='word_1_99' title='bbox 856 1467 1048 1566; x_wconf 89' lang='lat' dir='ltr'>Equitibus</span> <span class='ocrx_word' id='word_1_100' title='bbox 1059 1465 1079 1540; x_wconf 76' lang='lat' dir='ltr'>i</span> <span class='ocrx_word' id='word_1_101' title='bbox 1090 1468 1293 1542; x_wconf 88' lang='lat' dir='ltr'>Mechtilde</span> <span class='ocrx_word' id='word_1_102' title='bbox 1311 1471 1393 1544; x_wconf 70' lang='lat' dir='ltr'>An.</span> 
     </span>
     <span class='ocr_line' id='line_1_14' title="bbox 114 1563 1451 1659; baseline 0 -17"><span class='ocrx_word' id='word_1_103' title='bbox 114 1569 224 1642; x_wconf 87' lang='lat' dir='ltr'>tistita</span> <span class='ocrx_word' id='word_1_104' title='bbox 248 1563 452 1659; x_wconf 86' lang='lat' dir='ltr'>Bilisrenli‚</span> <span class='ocrx_word' id='word_1_105' title='bbox 481 1565 519 1639; x_wconf 72' lang='grc' dir='ltr'>δί</span> <span class='ocrx_word' id='word_1_106' title='bbox 543 1565 1112 1640; x_wconf 76' lang='lat' dir='ltr'>Amulf0Comite·:ct1menim</span> <span class='ocrx_word' id='word_1_107' title='bbox 1135 1565 1305 1641; x_wconf 82' lang='lat' dir='ltr'>AEdicula</span> <span class='ocrx_word' id='word_1_108' title='bbox 1323 1569 1388 1642; x_wconf 82' lang='lat' dir='ltr'>illu</span> <span class='ocrx_word' id='word_1_109' title='bbox 1447 1565 1451 1574; x_wconf 70' lang='grc'>’</span> 
     </span>
     <span class='ocr_line' id='line_1_15' title="bbox 115 1662 1385 1766; baseline 0 -26"><span class='ocrx_word' id='word_1_110' title='bbox 115 1667 277 1740; x_wconf 78' lang='lat' dir='ltr'>Mariana</span> <span class='ocrx_word' id='word_1_111' title='bbox 295 1665 428 1738; x_wconf 84' lang='lat' dir='ltr'>crebris</span> <span class='ocrx_word' id='word_1_112' title='bbox 446 1663 684 1738; x_wconf 70' lang='lat' dir='ltr'>celebraretur</span> <span class='ocrx_word' id='word_1_113' title='bbox 711 1664 921 1755; x_wconf 64' lang='lat' dir='ltr'>miraculis„</span> <span class='ocrx_word' id='word_1_114' title='bbox 948 1662 1192 1739; x_wconf 79' lang='lat' dir='ltr'>existimarunt</span> <span class='ocrx_word' id='word_1_115' title='bbox 1211 1665 1254 1738; x_wconf 86' lang='lat' dir='ltr'>ad</span> <span class='ocrx_word' id='word_1_116' title='bbox 1272 1665 1385 1766; x_wconf 79' lang='lat' dir='ltr'>ma&#39;jo-</span> 
     </span>
     <span class='ocr_line' id='line_1_16' title="bbox 91 1760 1391 1862; baseline 0.002 -26"><span class='ocrx_word' id='word_1_117' title='bbox 91 1789 186 1850; x_wconf 58' lang='lat' dir='ltr'>,rem</span> <span class='ocrx_word' id='word_1_118' title='bbox 204 1765 287 1848; x_wconf 75' lang='lat' dir='ltr'>,Dei</span> <span class='ocrx_word' id='word_1_119' title='bbox 313 1764 552 1862; x_wconf 80' lang='lat' dir='ltr'>Deiparaeque</span> <span class='ocrx_word' id='word_1_120' title='bbox 571 1763 734 1862; x_wconf 85' lang='lat' dir='ltr'>Virginis</span> <span class='ocrx_word' id='word_1_121' title='bbox 752 1760 923 1834; x_wconf 77' lang='lat' dir='ltr'>cessurum</span> <span class='ocrx_word' id='word_1_122' title='bbox 943 1760 1093 1860; x_wconf 78' lang='lat' dir='ltr'>glorium</span> <span class='ocrx_word' id='word_1_123' title='bbox 1114 1813 1126 1853; x_wconf 90' lang='lat'>,</span> <span class='ocrx_word' id='word_1_124' title='bbox 1153 1761 1180 1834; x_wconf 87' lang='lat' dir='ltr'>sr</span> <span class='ocrx_word' id='word_1_125' title='bbox 1202 1763 1391 1853; x_wconf 81' lang='lat' dir='ltr'>Militibus</span> 
     </span>
     <span class='ocr_line' id='line_1_17' title="bbox 113 1857 1384 1962; baseline 0.002 -27"><span class='ocrx_word' id='word_1_126' title='bbox 113 1861 200 1955; x_wconf 88' lang='lat' dir='ltr'>illis,</span> <span class='ocrx_word' id='word_1_127' title='bbox 218 1860 336 1935; x_wconf 87' lang='lat' dir='ltr'>cultui</span> <span class='ocrx_word' id='word_1_128' title='bbox 347 1862 513 1934; x_wconf 82' lang='lat' dir='ltr'>Mariano</span> <span class='ocrx_word' id='word_1_129' title='bbox 520 1857 680 1962; x_wconf 74' lang='lat' dir='ltr'>apprime</span> <span class='ocrx_word' id='word_1_130' title='bbox 690 1859 832 1950; x_wconf 89' lang='lat' dir='ltr'>deditis,</span> <span class='ocrx_word' id='word_1_131' title='bbox 851 1857 1160 1932; x_wconf 85' lang='lat' dir='ltr'>commendaretur</span> <span class='ocrx_word' id='word_1_132' title='bbox 1168 1859 1384 1938; x_wconf 85' lang='lat' dir='ltr'>traderetur·</span> 
     </span>
     <span class='ocr_line' id='line_1_18' title="bbox 115 1957 1385 2058; baseline 0.002 -25"><span class='ocrx_word' id='word_1_133' title='bbox 115 1985 180 2056; x_wconf 84' lang='lat' dir='ltr'>que</span> <span class='ocrx_word' id='word_1_134' title='bbox 198 2011 211 2052; x_wconf 88' lang='lat'><strong>‚</strong></span> <span class='ocrx_word' id='word_1_135' title='bbox 231 1983 316 2033; x_wconf 81' lang='lat' dir='ltr'>oum</span> <span class='ocrx_word' id='word_1_136' title='bbox 335 1958 576 2058; x_wconf 81' lang='lat' dir='ltr'>adjacentibus</span> <span class='ocrx_word' id='word_1_137' title='bbox 592 1961 685 2058; x_wconf 86' lang='lat' dir='ltr'>agris</span> <span class='ocrx_word' id='word_1_138' title='bbox 702 1957 1136 2056; x_wconf 81' lang='lat' dir='ltr'>tradiderunt‚rutamque</span> <span class='ocrx_word' id='word_1_139' title='bbox 1153 1957 1385 2036; x_wconf 80' lang='lat' dir='ltr'>donationem</span> 
     </span>
     <span class='ocr_line' id='line_1_19' title="bbox 115 2054 853 2159; baseline -0.008 -27"><span class='ocrx_word' id='word_1_140' title='bbox 115 2058 226 2159; x_wconf 83' lang='lat' dir='ltr'>Hugo</span> <span class='ocrx_word' id='word_1_141' title='bbox 244 2058 277 2131; x_wconf 85' lang='lat' dir='ltr'>E</span> <span class='ocrx_word' id='word_1_142' title='bbox 306 2055 444 2156; x_wconf 90' lang='lat' dir='ltr'>iscopus</span> <span class='ocrx_word' id='word_1_143' title='bbox 463 2056 587 2130; x_wconf 88' lang='lat' dir='ltr'>habuit</span> <span class='ocrx_word' id='word_1_144' title='bbox 605 2079 697 2128; x_wconf 91' lang='lat' dir='ltr'>anno</span> <span class='ocrx_word' id='word_1_145' title='bbox 715 2054 853 2129; x_wconf 88' lang='lat' dir='ltr'>eodem.</span> 
     </span>
    </p>

    <p class='ocr_par' dir='ltr' id='par_1_4' title="bbox 115 2083 1384 2426">
     <span class='ocr_line' id='line_1_20' title="bbox 158 2083 1383 2254; baseline 0.001 -24"><span class='ocrx_word' id='word_1_146' title='bbox 158 2083 333 2230; x_wconf 65' lang='lat' dir='ltr'>Amulius</span> <span class='ocrx_word' id='word_1_147' title='bbox 350 2156 483 2227; x_wconf 66' lang='lat' dir='ltr'>eximii</span> <span class='ocrx_word' id='word_1_148' title='bbox 497 2157 552 2228; x_wconf 92' lang='lat' dir='ltr'>uti</span> <span class='ocrx_word' id='word_1_149' title='bbox 576 2157 614 2226; x_wconf 93' lang='lat' dir='ltr'>in</span> <span class='ocrx_word' id='word_1_150' title='bbox 633 2154 752 2227; x_wconf 91' lang='lat' dir='ltr'>Deum</span> <span class='ocrx_word' id='word_1_151' title='bbox 774 2157 934 2252; x_wconf 67' lang='lat' dir='ltr'>pietate,</span> <span class='ocrx_word' id='word_1_152' title='bbox 947 2153 997 2227; x_wconf 84' lang='lat' dir='ltr'>ita</span> <span class='ocrx_word' id='word_1_153' title='bbox 1015 2151 1181 2254; x_wconf 68' lang='lat' dir='ltr'>ungulari</span> <span class='ocrx_word' id='word_1_154' title='bbox 1201 2157 1238 2228; x_wconf 91' lang='lat' dir='ltr'>in</span> <span class='ocrx_word' id='word_1_155' title='bbox 1254 2155 1383 2231; x_wconf 88' lang='lat' dir='ltr'>Eccle-</span> 
     </span>
     <span class='ocr_line' id='line_1_21' title="bbox 115 2251 1384 2344; baseline 0.002 -16"><span class='ocrx_word' id='word_1_156' title='bbox 115 2253 287 2342; x_wconf 71' lang='lat' dir='ltr'>flaturum</span> <span class='ocrx_word' id='word_1_157' title='bbox 314 2253 492 2330; x_wconf 86' lang='lat' dir='ltr'>Ordinem</span> <span class='ocrx_word' id='word_1_158' title='bbox 516 2251 789 2344; x_wconf 70' lang='lat' dir='ltr'>munificentii,</span> <span class='ocrx_word' id='word_1_159' title='bbox 806 2251 906 2324; x_wconf 86' lang='lat' dir='ltr'>brevi</span> <span class='ocrx_word' id='word_1_160' title='bbox 925 2275 970 2324; x_wconf 90' lang='lat' dir='ltr'>ex</span> <span class='ocrx_word' id='word_1_161' title='bbox 995 2251 1062 2324; x_wconf 89' lang='lat' dir='ltr'>hac</span> <span class='ocrx_word' id='word_1_162' title='bbox 1090 2255 1284 2327; x_wconf 84' lang='lat' dir='ltr'>aerumnosa</span> <span class='ocrx_word' id='word_1_163' title='bbox 1308 2257 1384 2330; x_wconf 81' lang='lat' dir='ltr'>vitu</span> 
     </span>
     <span class='ocr_line' id='line_1_22' title="bbox 115 2349 1384 2426; baseline 0 -2"><span class='ocrx_word' id='word_1_164' title='bbox 115 2349 427 2426; x_wconf 69' lang='lat' dir='ltr'>iclememiffimo</span> <span class='ocrx_word' id='word_1_165' title='bbox 454 2351 617 2423; x_wconf 89' lang='lat' dir='ltr'>Domino</span> <span class='ocrx_word' id='word_1_166' title='bbox 646 2349 817 2422; x_wconf 56' lang='lat' dir='ltr'>evocatur</span> <span class='ocrx_word' id='word_1_167' title='bbox 845 2349 889 2422; x_wconf 86' lang='lat' dir='ltr'>ad</span> <span class='ocrx_word' id='word_1_168' title='bbox 914 2369 1057 2422; x_wconf 83' lang='lat' dir='ltr'>aetemae</span> <span class='ocrx_word' id='word_1_169' title='bbox 1082 2349 1311 2424; x_wconf 85' lang='lat' dir='ltr'>beatitudinis</span> <span class='ocrx_word' id='word_1_170' title='bbox 1329 2379 1384 2426; x_wconf 89' lang='lat' dir='ltr'>re·</span> 
     </span>
    </p>

    <p class='ocr_par' dir='ltr' id='par_1_5' title="bbox 111 2443 1384 2736">
     <span class='ocr_line' id='line_1_23' title="bbox 144 2443 1384 2548; baseline 0.001 -25"><span class='ocrx_word' id='word_1_171' title='bbox 144 2455 230 2523; x_wconf 87' lang='lat' dir='ltr'>·&#39;em</span> <span class='ocrx_word' id='word_1_172' title='bbox 249 2501 262 2541; x_wconf 83' lang='lat'>‚</span> <span class='ocrx_word' id='word_1_173' title='bbox 284 2443 567 2546; x_wconf 66' lang='lat' dir='ltr'>anno‘li&#39;quidem</span> <span class='ocrx_word' id='word_1_174' title='bbox 590 2470 718 2546; x_wconf 51' lang='grc' dir='ltr'>ηις,</span> <span class='ocrx_word' id='word_1_175' title='bbox 747 2447 862 2546; x_wconf 85' lang='lat' dir='ltr'>pridie</span> <span class='ocrx_word' id='word_1_176' title='bbox 884 2447 1011 2520; x_wconf 82' lang='lat' dir='ltr'>Nonas</span> <span class='ocrx_word' id='word_1_177' title='bbox 1026 2445 1211 2521; x_wconf 76' lang='lat' dir='ltr'>Ouobris.</span> <span class='ocrx_word' id='word_1_178' title='bbox 1237 2449 1384 2548; x_wconf 89' lang='lat' dir='ltr'>Aleydis</span> 
     </span>
     <span class='ocr_line' id='line_1_24' title="bbox 112 2468 1383 2644; baseline -0.001 -23"><span class='ocrx_word' id='word_1_179' title='bbox 112 2468 343 2622; x_wconf 62' lang='lat' dir='ltr'>sdvanienfis</span> <span class='ocrx_word' id='word_1_180' title='bbox 360 2566 436 2619; x_wconf 83' lang='lat' dir='ltr'>erat</span> <span class='ocrx_word' id='word_1_181' title='bbox 452 2543 581 2636; x_wconf 82' lang='lat' dir='ltr'>uidua,</span> <span class='ocrx_word' id='word_1_182' title='bbox 601 2571 674 2644; x_wconf 85' lang='lat' dir='ltr'>quo</span> <span class='ocrx_word' id='word_1_183' title='bbox 690 2546 785 2619; x_wconf 88' lang='lat' dir='ltr'>testis</span> <span class='ocrx_word' id='word_1_184' title='bbox 807 2545 877 2619; x_wconf 88' lang='lat' dir='ltr'>fuit</span> <span class='ocrx_word' id='word_1_185' title='bbox 894 2544 1053 2618; x_wconf 82' lang='lat' dir='ltr'>adhibita</span> <span class='ocrx_word' id='word_1_186' title='bbox 1071 2545 1211 2644; x_wconf 87' lang='lat' dir='ltr'>quando</span> <span class='ocrx_word' id='word_1_187' title='bbox 1229 2546 1383 2620; x_wconf 86' lang='lat' dir='ltr'>Gertru·</span> 
     </span>
     <span class='ocr_line' id='line_1_25' title="bbox 111 2642 1383 2736; baseline 0.001 -18"><span class='ocrx_word' id='word_1_188' title='bbox 111 2645 160 2720; x_wconf 83' lang='lat' dir='ltr'>dis</span> <span class='ocrx_word' id='word_1_189' title='bbox 177 2647 314 2719; x_wconf 83' lang='lat' dir='ltr'>Come&#39;s</span> <span class='ocrx_word' id='word_1_190' title='bbox 331 2645 516 2736; x_wconf 80' lang='lat' dir='ltr'>Muharur,</span> <span class='ocrx_word' id='word_1_191' title='bbox 534 2643 673 2717; x_wconf 82' lang='lat' dir='ltr'>Alberti</span> <span class='ocrx_word' id='word_1_192' title='bbox 700 2644 795 2736; x_wconf 83' lang='lat' dir='ltr'>filia,</span> <span class='ocrx_word' id='word_1_193' title='bbox 814 2642 1019 2718; x_wconf 85' lang='lat' dir='ltr'>Theobaldi</span> <span class='ocrx_word' id='word_1_194' title='bbox 1043 2643 1160 2716; x_wconf 87' lang='lat' dir='ltr'>Ducis</span> <span class='ocrx_word' id='word_1_195' title='bbox 1187 2644 1383 2719; x_wconf 88' lang='lat' dir='ltr'>Lotharin·</span> 
     </span>
    </p>
   </div>
   <div class='ocr_carea' id='block_1_2' title="bbox 111 2740 1389 2842">
    <p class='ocr_par' dir='ltr' id='par_1_6' title="bbox 111 2740 1389 2842">
     <span class='ocr_line' id='line_1_26' title="bbox 111 2740 1389 2842; baseline 0 -26"><span class='ocrx_word' id='word_1_196' title='bbox 111 2747 175 2842; x_wconf 79' lang='lat' dir='ltr'>giae</span> <span class='ocrx_word' id='word_1_197' title='bbox 193 2743 325 2834; x_wconf 86' lang='lat' dir='ltr'>vidua,</span> <span class='ocrx_word' id='word_1_198' title='bbox 345 2742 577 2816; x_wconf 87' lang='lat' dir='ltr'>donationem</span> <span class='ocrx_word' id='word_1_199' title='bbox 645 2741 840 2817; x_wconf 83' lang='lat' dir='ltr'>llessionum</span> <span class='ocrx_word' id='word_1_200' title='bbox 857 2742 877 2814; x_wconf 73' lang='lat' dir='ltr'>l</span> <span class='ocrx_word' id='word_1_201' title='bbox 895 2761 994 2840; x_wconf 79' lang='lat' dir='ltr'>patre</span> <span class='ocrx_word' id='word_1_202' title='bbox 1013 2740 1075 2814; x_wconf 92' lang='lat' dir='ltr'>suo</span> <span class='ocrx_word' id='word_1_203' title='bbox 1099 2740 1272 2814; x_wconf 68' lang='lat' dir='ltr'>sadrarum</span> <span class='ocrx_word' id='word_1_204' title='bbox 1292 2744 1389 2816; x_wconf 86' lang='lat' dir='ltr'>Mo·</span> 
     </span>
    </p>
   </div>
   <div class='ocr_carea' id='block_1_3' title="bbox 112 2837 1512 2936">
    <p class='ocr_par' dir='ltr' id='par_1_7' title="bbox 112 2837 1512 2936">
     <span class='ocr_line' id='line_1_27' title="bbox 112 2837 1512 2936; baseline -0.001 -21"><span class='ocrx_word' id='word_1_205' title='bbox 112 2842 260 2915; x_wconf 81' lang='lat' dir='ltr'>nasterio</span> <span class='ocrx_word' id='word_1_206' title='bbox 279 2840 394 2914; x_wconf 79' lang='lat' dir='ltr'>Vallis</span> <span class='ocrx_word' id='word_1_207' title='bbox 411 2839 576 2914; x_wconf 86' lang='lat' dir='ltr'>Nostrae·</span> <span class='ocrx_word' id='word_1_208' title='bbox 617 2842 747 2912; x_wconf 88' lang='lat' dir='ltr'>ominae</span> <span class='ocrx_word' id='word_1_209' title='bbox 766 2860 876 2916; x_wconf 80' lang='lat' dir='ltr'>ratam</span> <span class='ocrx_word' id='word_1_210' title='bbox 895 2840 1051 2927; x_wconf 84' lang='lat' dir='ltr'>habuit,</span> <span class='ocrx_word' id='word_1_211' title='bbox 1076 2837 1208 2936; x_wconf 88' lang='lat' dir='ltr'>suoque</span> <span class='ocrx_word' id='word_1_212' title='bbox 1226 2838 1387 2916; x_wconf 86' lang='lat' dir='ltr'>firmavit</span> <span class='ocrx_word' id='word_1_213' title='bbox 1507 2891 1512 2898; x_wconf 48' lang='grc' dir='ltr'><em>ι</em></span> 
     </span>
    </p>
   </div>
   <div class='ocr_carea' id='block_1_4' title="bbox 105 2933 1388 4113">
    <p class='ocr_par' dir='ltr' id='par_1_8' title="bbox 108 2933 1388 3527">
     <span class='ocr_line' id='line_1_28' title="bbox 112 2933 1387 3036; baseline 0.001 -25"><span class='ocrx_word' id='word_1_214' title='bbox 112 2937 156 3012; x_wconf 91' lang='lat' dir='ltr'>Di</span> <span class='ocrx_word' id='word_1_215' title='bbox 186 2941 325 3036; x_wconf 83' lang='lat' dir='ltr'>lomate</span> <span class='ocrx_word' id='word_1_216' title='bbox 338 2937 401 3012; x_wconf 93' lang='lat' dir='ltr'>sub</span> <span class='ocrx_word' id='word_1_217' title='bbox 422 2937 627 3034; x_wconf 86' lang='lat' dir='ltr'>testimonio</span> <span class='ocrx_word' id='word_1_218' title='bbox 645 2935 910 3036; x_wconf 74' lang='lat' dir='ltr'>praesentiarum</span> <span class='ocrx_word' id='word_1_219' title='bbox 928 2933 1056 3007; x_wconf 86' lang='lat' dir='ltr'>subscri</span> <span class='ocrx_word' id='word_1_220' title='bbox 1084 2954 1200 3008; x_wconf 82' lang='lat' dir='ltr'>tarum</span> <span class='ocrx_word' id='word_1_221' title='bbox 1217 2937 1387 3012; x_wconf 84' lang='lat' dir='ltr'>Balduini·</span> 
     </span>
     <span class='ocr_line' id='line_1_29' title="bbox 110 2960 1388 3144; baseline 0.001 -36"><span class='ocrx_word' id='word_1_222' title='bbox 110 2967 221 3111; x_wconf 70' lang='lat' dir='ltr'>Billvi</span> <span class='ocrx_word' id='word_1_223' title='bbox 240 3039 312 3110; x_wconf 91' lang='lat' dir='ltr'>mei</span> <span class='ocrx_word' id='word_1_224' title='bbox 329 3036 375 3109; x_wconf 92' lang='lat' dir='ltr'>de</span> <span class='ocrx_word' id='word_1_225' title='bbox 394 3036 558 3128; x_wconf 84' lang='lat' dir='ltr'>Muhau,</span> <span class='ocrx_word' id='word_1_226' title='bbox 588 3033 802 3144; x_wconf 80' lang='lat' dir='ltr'>W&#39;altrikini</span> <span class='ocrx_word' id='word_1_227' title='bbox 828 3033 943 3106; x_wconf 84' lang='lat' dir='ltr'>fratris</span> <span class='ocrx_word' id='word_1_228' title='bbox 961 3033 1030 3102; x_wconf 91' lang='lat' dir='ltr'>mei</span> <span class='ocrx_word' id='word_1_229' title='bbox 1059 2960 1130 3104; x_wconf 57' lang='lat' dir='ltr'>dec.</span> <span class='ocrx_word' id='word_1_230' title='bbox 1149 3032 1186 3105; x_wconf 71' lang='grc' dir='ltr'>ὅ(</span> <span class='ocrx_word' id='word_1_231' title='bbox 1204 3033 1388 3136; x_wconf 67' lang='lat' dir='ltr'>nobiliumv</span> 
     </span>
     <span class='ocr_line' id='line_1_30' title="bbox 110 3129 1384 3230; baseline -0.001 -24"><span class='ocrx_word' id='word_1_232' title='bbox 110 3133 350 3210; x_wconf 81' lang='lat' dir='ltr'>Dominarum</span> <span class='ocrx_word' id='word_1_233' title='bbox 368 3135 497 3206; x_wconf 82' lang='lat' dir='ltr'>Mariae</span> <span class='ocrx_word' id='word_1_234' title='bbox 521 3129 653 3206; x_wconf 69' lang='lat' dir='ltr'>mliuae</span> <span class='ocrx_word' id='word_1_235' title='bbox 670 3132 821 3204; x_wconf 87' lang='lat' dir='ltr'>Ottonrs</span> <span class='ocrx_word' id='word_1_236' title='bbox 831 3129 1079 3230; x_wconf 74' lang='lat' dir='ltr'>imperatoris,</span> <span class='ocrx_word' id='word_1_237' title='bbox 1098 3129 1384 3229; x_wconf 71' lang='lat' dir='ltr'>Aleydisrelistae</span> 
     </span>
     <span class='ocr_line' id='line_1_31' title="bbox 109 3227 1383 3328; baseline 0 -24"><span class='ocrx_word' id='word_1_238' title='bbox 109 3233 253 3308; x_wconf 84' lang='lat' dir='ltr'>Amulli</span> <span class='ocrx_word' id='word_1_239' title='bbox 281 3234 328 3306; x_wconf 91' lang='lat' dir='ltr'>de</span> <span class='ocrx_word' id='word_1_240' title='bbox 354 3232 463 3304; x_wconf 90' lang='lat' dir='ltr'>Loon</span> <span class='ocrx_word' id='word_1_241' title='bbox 488 3230 559 3304; x_wconf 76' lang='lat' dir='ltr'>&amp;e</span> <span class='ocrx_word' id='word_1_242' title='bbox 586 3227 721 3302; x_wconf 78' lang='lat' dir='ltr'>Leuor</span> <span class='ocrx_word' id='word_1_243' title='bbox 745 3227 817 3302; x_wconf 93' lang='lat' dir='ltr'>hoc</span> <span class='ocrx_word' id='word_1_244' title='bbox 844 3229 1017 3328; x_wconf 80' lang='lat' dir='ltr'>Diploma</span> <span class='ocrx_word' id='word_1_245' title='bbox 1039 3229 1200 3303; x_wconf 83' lang='lat' dir='ltr'>inveniet</span> <span class='ocrx_word' id='word_1_246' title='bbox 1219 3229 1315 3328; x_wconf 73' lang='lat' dir='ltr'>apud</span> <span class='ocrx_word' id='word_1_247' title='bbox 1337 3232 1383 3304; x_wconf 82' lang='grc' dir='ltr'>Β.</span> 
     </span>
     <span class='ocr_line' id='line_1_32' title="bbox 108 3325 1381 3405; baseline -0.002 -2"><span class='ocrx_word' id='word_1_248' title='bbox 108 3330 209 3405; x_wconf 83' lang='lat' dir='ltr'>Fisen</span> <span class='ocrx_word' id='word_1_249' title='bbox 224 3336 263 3404; x_wconf 90' lang='lat' dir='ltr'>in</span> <span class='ocrx_word' id='word_1_250' title='bbox 279 3329 545 3404; x_wconf 82' lang='lat' dir='ltr'>Notationibus</span> <span class='ocrx_word' id='word_1_251' title='bbox 562 3326 605 3400; x_wconf 86' lang='lat' dir='ltr'>ad</span> <span class='ocrx_word' id='word_1_252' title='bbox 623 3327 685 3400; x_wconf 94' lang='lat' dir='ltr'>lib.</span> <span class='ocrx_word' id='word_1_253' title='bbox 705 3352 767 3402; x_wconf 75' lang='lat' dir='ltr'>xi.</span> <span class='ocrx_word' id='word_1_254' title='bbox 787 3326 958 3402; x_wconf 81' lang='lat' dir='ltr'>Arnulsus</span> <span class='ocrx_word' id='word_1_255' title='bbox 976 3325 1188 3401; x_wconf 83' lang='lat' dir='ltr'>Christianis</span> <span class='ocrx_word' id='word_1_256' title='bbox 1209 3349 1381 3401; x_wconf 51' lang='lat' dir='ltr'>caeremoa</span> 
     </span>
     <span class='ocr_line' id='line_1_33' title="bbox 108 3421 1387 3527; baseline -0.001 -25"><span class='ocrx_word' id='word_1_257' title='bbox 108 3431 170 3504; x_wconf 82' lang='lat' dir='ltr'>niis</span> <span class='ocrx_word' id='word_1_258' title='bbox 186 3429 359 3527; x_wconf 85' lang='lat' dir='ltr'>sepelitur</span> <span class='ocrx_word' id='word_1_259' title='bbox 376 3423 636 3502; x_wconf 81' lang='lat' dir='ltr'>Herkenrodae.</span> <span class='ocrx_word' id='word_1_260' title='bbox 671 3427 731 3500; x_wconf 90' lang='lat' dir='ltr'>De</span> <span class='ocrx_word' id='word_1_261' title='bbox 755 3421 948 3499; x_wconf 71' lang='lat' dir='ltr'>successore</span> <span class='ocrx_word' id='word_1_262' title='bbox 965 3444 1110 3524; x_wconf 83' lang='lat' dir='ltr'>agemus</span> <span class='ocrx_word' id='word_1_263' title='bbox 1131 3421 1387 3524; x_wconf 78' lang='lat' dir='ltr'>liu..sequenti.&#39;</span> 
     </span>
    </p>

    <p class='ocr_par' dir='ltr' id='par_1_9' title="bbox 106 3520 1380 3800">
     <span class='ocr_line' id='line_1_34' title="bbox 154 3520 1380 3622; baseline -0.003 -20"><span class='ocrx_word' id='word_1_264' title='bbox 154 3531 268 3602; x_wconf 81' lang='lat' dir='ltr'>Anno</span> <span class='ocrx_word' id='word_1_265' title='bbox 284 3529 347 3600; x_wconf 80' lang='lat' dir='ltr'>vix</span> <span class='ocrx_word' id='word_1_266' title='bbox 364 3543 528 3600; x_wconf 80' lang='lat' dir='ltr'>verteme</span> <span class='ocrx_word' id='word_1_267' title='bbox 545 3522 689 3622; x_wconf 77' lang='lat' dir='ltr'>Aleydis</span> <span class='ocrx_word' id='word_1_268' title='bbox 707 3573 719 3616; x_wconf 82' lang='grc'>,</span> <span class='ocrx_word' id='word_1_269' title='bbox 748 3526 803 3596; x_wconf 90' lang='lat' dir='ltr'>uti</span> <span class='ocrx_word' id='word_1_270' title='bbox 820 3548 865 3597; x_wconf 84' lang='lat' dir='ltr'>ex</span> <span class='ocrx_word' id='word_1_271' title='bbox 883 3525 937 3598; x_wconf 87' lang='lat' dir='ltr'>his</span> <span class='ocrx_word' id='word_1_272' title='bbox 962 3520 1380 3598; x_wconf 81' lang='lat' dir='ltr'>TabulisMatrimonia-</span> 
     </span>
     <span class='ocr_line' id='line_1_35' title="bbox 106 3613 1378 3726; baseline 0.002 -29"><span class='ocrx_word' id='word_1_273' title='bbox 106 3625 196 3701; x_wconf 80' lang='lat' dir='ltr'>libus</span> <span class='ocrx_word' id='word_1_274' title='bbox 215 3645 338 3726; x_wconf 77' lang='lat' dir='ltr'>patet,</span> <span class='ocrx_word' id='word_1_275' title='bbox 349 3623 545 3698; x_wconf 88' lang='lat' dir='ltr'>liberorum</span> <span class='ocrx_word' id='word_1_276' title='bbox 555 3623 883 3722; x_wconf 85' lang='lat' dir='ltr'>expers,convenit</span> <span class='ocrx_word' id='word_1_277' title='bbox 901 3623 938 3694; x_wconf 90' lang='lat' dir='ltr'>in</span> <span class='ocrx_word' id='word_1_278' title='bbox 957 3645 1078 3696; x_wconf 86' lang='lat' dir='ltr'>manus</span> <span class='ocrx_word' id='word_1_279' title='bbox 1095 3613 1284 3697; x_wconf 85' lang='lat' dir='ltr'>Guillelmi</span> <span class='ocrx_word' id='word_1_280' title='bbox 1302 3622 1378 3699; x_wconf 73' lang='lat' dir='ltr'>Co·</span> 
     </span>
     <span class='ocr_line' id='line_1_36' title="bbox 107 3724 409 3800; baseline -0.01 -3"><span class='ocrx_word' id='word_1_281' title='bbox 107 3727 203 3800; x_wconf 85' lang='lat' dir='ltr'>miris</span> <span class='ocrx_word' id='word_1_282' title='bbox 223 3724 409 3800; x_wconf 83' lang='lat' dir='ltr'>Alverniae</span> 
     </span>
    </p>

    <p class='ocr_par' dir='ltr' id='par_1_10' title="bbox 105 3815 1385 4113">
     <span class='ocr_line' id='line_1_37' title="bbox 150 3815 1377 3916; baseline -0.002 -18"><span class='ocrx_word' id='word_1_283' title='bbox 150 3824 353 3913; x_wconf 77' lang='lat' dir='ltr'>Wlhelmus</span> <span class='ocrx_word' id='word_1_284' title='bbox 369 3822 440 3894; x_wconf 82' lang='lat' dir='ltr'>Dei</span> <span class='ocrx_word' id='word_1_285' title='bbox 450 3817 564 3916; x_wconf 74' lang='lat' dir='ltr'>gratid</span> <span class='ocrx_word' id='word_1_286' title='bbox 580 3821 688 3892; x_wconf 77' lang='lat' dir='ltr'>Comes</span> <span class='ocrx_word' id='word_1_287' title='bbox 705 3821 900 3910; x_wconf 78' lang='lat' dir='ltr'>Alucrniae,</span> <span class='ocrx_word' id='word_1_288' title='bbox 927 3817 975 3899; x_wconf 63' lang='lat' dir='ltr'>fid</span> <span class='ocrx_word' id='word_1_289' title='bbox 987 3815 1118 3908; x_wconf 80' lang='lat' dir='ltr'>Aleydis</span> <span class='ocrx_word' id='word_1_290' title='bbox 1142 3821 1297 3914; x_wconf 70' lang='lat' dir='ltr'>quondm</span> <span class='ocrx_word' id='word_1_291' title='bbox 1315 3825 1377 3896; x_wconf 85' lang='lat' dir='ltr'>Cu·</span> 
     </span>
     <span class='ocr_line' id='line_1_38' title="bbox 106 3913 1380 4017; baseline 0 -23"><span class='ocrx_word' id='word_1_292' title='bbox 106 3925 220 4017; x_wconf 58' lang='lat' dir='ltr'>&amp;uffa</span> <span class='ocrx_word' id='word_1_293' title='bbox 239 3922 277 3992; x_wconf 79' lang='lat' dir='ltr'>de</span> <span class='ocrx_word' id='word_1_294' title='bbox 287 3913 363 3994; x_wconf 66' lang='lat' dir='ltr'>tos.</span> <span class='ocrx_word' id='word_1_295' title='bbox 380 3917 540 3994; x_wconf 80' lang='lat' dir='ltr'>Omnibus</span> <span class='ocrx_word' id='word_1_296' title='bbox 556 3917 612 3990; x_wconf 82' lang='lat' dir='ltr'>hoc</span> <span class='ocrx_word' id='word_1_297' title='bbox 620 3915 778 4012; x_wconf 70' lang='lat' dir='ltr'>scriptum</span> <span class='ocrx_word' id='word_1_298' title='bbox 793 3915 1137 4010; x_wconf 59' lang='lat' dir='ltr'>videntibuusalutem.</span> <span class='ocrx_word' id='word_1_299' title='bbox 1153 3921 1283 3992; x_wconf 80' lang='lat' dir='ltr'>Notum</span> <span class='ocrx_word' id='word_1_300' title='bbox 1289 3921 1380 4015; x_wconf 60' lang='lat' dir='ltr'>fuciss</span> 
     </span>
     <span class='ocr_line' id='line_1_39' title="bbox 105 4015 1385 4113; baseline -0.001 -21"><span class='ocrx_word' id='word_1_301' title='bbox 105 4043 170 4092; x_wconf 80' lang='lat' dir='ltr'>mus</span> <span class='ocrx_word' id='word_1_302' title='bbox 182 4019 380 4113; x_wconf 71' lang='lat' dir='ltr'>vobisquid</span> <span class='ocrx_word' id='word_1_303' title='bbox 392 4017 553 4088; x_wconf 83' lang='lat' dir='ltr'>Dominus</span> <span class='ocrx_word' id='word_1_304' title='bbox 569 4015 654 4087; x_wconf 81' lang='lat' dir='ltr'>Dux</span> <span class='ocrx_word' id='word_1_305' title='bbox 671 4015 890 4110; x_wconf 79' lang='lat' dir='ltr'>Lotharingiae</span> <span class='ocrx_word' id='word_1_306' title='bbox 906 4017 1075 4087; x_wconf 79' lang='lat' dir='ltr'>duomilir&#39;a</span> <span class='ocrx_word' id='word_1_307' title='bbox 1090 4017 1247 4090; x_wconf 84' lang='lat' dir='ltr'>librarum</span> <span class='ocrx_word' id='word_1_308' title='bbox 1253 4023 1385 4091; x_wconf 66' lang='lat' dir='ltr'>muria</span> 
     </span>
    </p>
   </div>
   <div class='ocr_carea' id='block_1_5' title="bbox 101 4111 1499 4320">
    <p class='ocr_par' dir='ltr' id='par_1_11' title="bbox 101 4111 1499 4320">
     <span class='ocr_line' id='line_1_40' title="bbox 101 4111 1499 4284; baseline -0.004 -95"><span class='ocrx_word' id='word_1_309' title='bbox 101 4122 230 4210; x_wconf 68' lang='lat' dir='ltr'>millia,</span> <span class='ocrx_word' id='word_1_310' title='bbox 241 4122 277 4214; x_wconf 78' lang='lat' dir='ltr'><em>fi</em></span> <span class='ocrx_word' id='word_1_311' title='bbox 293 4117 430 4189; x_wconf 71' lang='lat' dir='ltr'>hundues</span> <span class='ocrx_word' id='word_1_312' title='bbox 442 4111 495 4212; x_wconf 75' lang='lat' dir='ltr'>firi</span> <span class='ocrx_word' id='word_1_313' title='bbox 509 4111 686 4211; x_wconf 74' lang='lat' dir='ltr'>testantur,</span> <span class='ocrx_word' id='word_1_314' title='bbox 702 4111 846 4190; x_wconf 71' lang='lat' dir='ltr'>Monere</span> <span class='ocrx_word' id='word_1_315' title='bbox 866 4115 1171 4210; x_wconf 71' lang='lat' dir='ltr'>Loanunſss,pr0</span> <span class='ocrx_word' id='word_1_316' title='bbox 1181 4115 1385 4284; x_wconf 58' lang='lat' dir='ltr'>nzostraherrf</span> <span class='ocrx_word' id='word_1_317' title='bbox 1493 4173 1499 4184; x_wconf 90' lang='grc'><em>,</em></span> 
     </span>
     <span class='ocr_line' id='line_1_41' title="bbox 147 4268 1255 4320; baseline -0.004 -26"><span class='ocrx_word' id='word_1_318' title='bbox 147 4268 161 4320; x_wconf 74' lang='lat'>,</span> <span class='ocrx_word' id='word_1_319' title='bbox 679 4275 686 4288; x_wconf 80' lang='grc'><strong><em>,</em></strong></span> <span class='ocrx_word' id='word_1_320' title='bbox 1243 4280 1255 4291; x_wconf 8' lang='grc' dir='ltr'>Ν,</span> 
     </span>
    </p>
   </div>
   <div class='ocr_carea' id='block_1_6' title="bbox 0 0 1684 4690">
    <p class='ocr_par' dir='ltr' id='par_1_12' title="bbox 0 0 1684 4690">
     <span class='ocr_line' id='line_1_42' title="bbox 0 0 1684 4690; baseline 0 3"><span class='ocrx_word' id='word_1_321' title='bbox 0 0 1684 4690; x_wconf 95' lang='lat' dir='ltr'> </span> 
     </span>
    </p>
   </div>
  </div>
 </body>
</html>
