3358 4690
244 231 318 312 apo
664 220 1086 313 HISTORIA
1145 293 1146 296 ,
1396 287 1400 296 .

247 316 429 394 Dominus
458 319 502 399 de
532 322 664 398 Monte
692 323 795 422 super
823 325 972 400 Zomam
1002 325 1040 400 st
1057 319 1222 402 Haerselt
1238 323 1332 403 filius
1349 379 1362 424 ,
1381 332 1515 433 quique.

107 427 112 434 ·
243 451 327 502 cum
342 425 480 521 Joanne
498 425 546 500 ΙΙ.
565 423 671 496 Duce·
684 417 885 498 Brabantiae
902 425 1028 524 praelio
1039 426 1282 526 Worongano
1299 453 1391 501 anno
1415 432 1508 522 1288
1533 437 1536 444 “

243 526 373 639 magnai
391 523 610 634 fortitudinis
622 513 767 632 'bellicae
785 519 888 596 laude
914 524 1089 638 interfuit3
1110 525 1248 633 Joanna
1267 525 1428 602 Amoldo
1448 545 1511 628 pe·
1535 523 1540 534 ’
1638 547 1652 562 ·

243 621 467 797 sitistis
482 621 1403 820 distitisse-epssssffist{tsmdstitst
1419 629 1513 800 {isi

100 882 103 887 .
162 889 164 895 ,
246 844 356 920 1325.
381 817 500 918 nupfit
527 801 682 892 Aibcrto¹
695 803 739 891 de
757 814 933 911 Voerne,
963 819 1157 920 habuitque
1175 843 1221 894 ex
1241 843 1285 893 eo
1304 821 1414 896 filiam
1434 815 1515 898 uniss

242 943 322 992 cam
336 915 510 1014 Joannam
528 917 572 990 de
591 903 758 1010 Voerne,
781 915 975 994 Dominam
987 915 1204 1019 Bergarurn,
1224 916 1295 991 &c
1315 922 1409 995 Haec
1428 944 1515 996 con·

240 1018 396 1092 venitin
413 1041 534 1090 murus
547 1016 693 1114 Joannis
714 1014 883 1116 Dynastae
909 1017 940 1090 F
940 1015 1186 1188 aitobuppi013
1206 1041 1388 1118 uxoreque
1404 1021 1512 1094 assen-

238 1117 375 1210 tiente,
392 1115 553 1190 vendidit
569 1113 699 1217 Bergae
716 1113 880 1189 Henrico
899 1114 943 1188 de
962 1115 1073 1190 Dante
1106 1139 1162 1188 em
1181 1109 1355 1189 Domino.
1388 1119 1516 1193 Altero

237 1211 377 1310 Joanna
403 1217 632 1294 matrimonio
656 1216 822 1314 jungitur
845 1211 1045 1288 Guilielmo
1064 1213 1108 1288 de
1126 1213 1287 1306 Oreille,
1306 1217 1514 1290 Teutonice

241 1315 278 1386 de
297 1315 406 1402 Uale,
433 1337 496 1411 per
514 1315 560 1388 V.
587 1313 843 1386 Germanicum
868 1311 1133 1412 auriculamque
1149 1309 1279 1403 sonat,
1308 1315 1515 1415 Armigero,

241 1435 287 1502 ex
343 1409 477 1508 rosapia
506 1411 551 1483 de
578 1411 740 1502 Awans,
768 1410 813 1482 de
842 1435 910 1510 qua
937 1409 1040 1510 supra
1059 1462 1071 1499 ‚
1092 1411 1220 1512 opibus
1240 1409 1275 1494 ὃς
1293 1411 1459 1486 clientcld
1478 1417 1516 1486 in

243 1436 424 1600 Harbania
440 1517 686 1608 praepotente,
702 1507 862 1607 duosque
879 1531 924 1583 ex
941 1533 984 1583 eo
1003 1509 1132 1584 liberos
1151 1508 1297 1600 habuit,
1314 1511 1516 1586 Arnoldum

243 1598 281 1678 bc
307 1607 499 1699 Mariam,
529 1607 655 1706 quibus
683 1607 893 1682 Ludovicus
921 1607 1130 1682 Avunculus
1157 1607 1316 1706 impense
1344 1607 1512 1684 favebat:

242 1701 328 1778 cbm
358 1707 453 1780 enim
478 1705 589 1780 nullas
617 1731 662 1780 ex
688 1706 897 1806 Margareta
913 1703 1117 1780 Blamontia
1134 1701 1155 1778 ὲ
1175 1703 1299 1778 Domo
1319 1705 1516 1782 Lotharin⁶

243 1805 328 1920 'gica
345 1809 503 1906 conjuge
521 1812 725 1904 procrearet
743 1803 879 1904 proles,
904 1801 1060 1880 sororem
1076 1803 1170 1878 suam
1186 1804 1361 1897 Joannam
1381 1803 1521 1880 filium·-

244 1925 314 1999 que
339 1905 413 2003 ejus
441 1889 664 1996 Arnoldum,
684 1903 865 2002 praeclarae
884 1901 1011 1978 indolis
1029 1904 1267 2000 'maximaeque
1293 1901 1515 2000 expediatio·

242 2001 297 2072 nis
308 2025 462 2170 puerum
486 2051 499 2092 ,
528 2027 600 2100 quo
616 1999 650 2073 se
668 2001 828 2075 comitali
845 2000 1020 2102 dignitate
1037 2003 1129 2076 tueri
1146 2001 1284 2100 possent
1303 2051 1315 2092 ,
1344 2001 1516 2098 munifica

241 2091 308 2171 &a
333 2095 518 2192 soluta,&
533 2099 677 2198 quidem
694 2103 788 2174 inter
805 2100 907 2173 vivos
924 2098 1139 2190 donatione,
1150 2098 1294 2173 transtri
1323 2097 1366 2172 fit
1385 2099 1517 2177 eisdem

239 2219 332 2269 anno
343 2219 437 2298 1331
453 2249 469 2291 ,
483 2197 540 2270 die
551 2199 679 2272 Martis
690 2197 769 2298 post
778 2195 1034 2290 Pentecosten,
1054 2199 1267 2272 Dominium
1286 2125 1516 2276 dieRummes

239 2291 455 2369 hereditario
465 2293 707 2395 possidendum
713 2299 815 2395 jure,
834 2317 917 2369 cum
936 2288 1106 2373 reditibus
1124 2319 1338 2396 granorum,
1369 2321 1411 2370 ca
1461 2301 1517 2372 ni-

242 2375 331 2485 bus,
349 2394 475 2487 molis,
488 2395 670 2488 censibus,
690 2399 803 2487 arvis,
821 2393 977 2493 pascuis,
995 2390 1171 2468 tedonem
1182 2393 1383 2486 stillicidiis,
1410 2395 1518 2494 ylvis,

146 2556 149 2564 Δ
244 2489 368 2586 volatu
385 2517 514 2592 apum,
529 2499 609 2591 jure
627 2517 730 2592 aquae
746 2492 783 2564 ἃ
801 2495 893 2592 ignis
909 2543 923 2584 ,
952 2494 1145 2568 fluviorum
1162 2490 1363 2566 decursibus
1367 2543 1393 2588 ,a
1420 2493 1516 2568 fure*

243 2585 365 2684 sasiis,
397 2591 467 2664 alta
491 2591 653 2688 bassaque
666 2590 824 2692 justitia,
841 2588 984 2686 aliisque
1010 2589 1175 2665 omnibus
1199 2589 1426 2689 quocumque
1449 2611 1517 2684 no*

244 2689 378 2762 minea
404 2688 525 2790 pellari
543 2689 673 2779 solitis,
690 2707 799 2786 prout
815 2689 956 2787 ,inquit
972 2689 1011 2760 in
1030 2684 1261 2789 Diplomate,
1279 2697 1381 2788 pater
1397 2690 1516 2766 noster

240 2786 362 2888 glorio
377 2811 408 2859 ae
426 2790 608 2861 memorie
625 2783 684 2860 ilia
698 2785 849 2885 possedit
867 2835 880 2878 ,
908 2783 1040 2886 nosque
1057 2787 1122 2888 ipsr
1139 2789 1177 2860 in
1194 2787 1399 2860 hodiernam
1417 2789 1514 2866 diem

243 2883 448 2960 obtinemus
469 2911 478 2958 :
498 2887 565 2960 hac
593 2907 713 2960 tamen
731 2873 984 2978 restristione,
1008 2887 1079 2984 qud
1096 2884 1159 2960 fibi
1178 2883 1313 3056 suisque
1330 2887 1368 2959 in
1386 2885 1513 2964 Comi⁴
1635 2895 1641 2904 “

160 3001 164 3006 “
222 3003 320 3080 ,μω
336 2981 495 3060 Loffenii
512 2982 762 3064 successoribus
781 2981 932 3057 reservat
957 2983 1119 3058 homines
1144 2981 1250 3056 feoda
1264 3007 1327 3073 es,
1352 2983 1509 3060 bannalis

234 3107 422 3183 ,campanae
445 3073 586 3182 pulsum
605 3135 618 3176 ,
640 3105 800 3174 ,necnon
830 3080 1089 3154 Monasteriurn
1122 3079 1436 3156 sanctimonalium
1464 3081 1510 3158 de

233 3174 611 3275 ¹Orientem,Ordinis
630 3178 893 3271 Cistercienfis,
911 3181 1113 3280 curtimque
1123 3177 1272 3280 ipsarum
1282 3179 1343 3254 sub
1361 3180 1513 3269 Distrib-

233 3299 284 3362 .tu
301 3275 512 3356 Rummensr
533 3277 654 3371 fitam,
671 3279 887 3376 inquantum
906 3275 1072 3351 hastenus'
1091 3275 1397 3354 ComitiLossensr
1407 3279 1512 3381 pnes·

229 3400 319 3460 ¹tare
335 3379 448 3452 solita.
466 3377 530 3452 Pia
538 3376 709 3452 laudanda
734 3400 778 3465 ue
796 3375 913 3449 fratris
928 3379 969 3448 ¹in
984 3375 1140 3450 sororem
1160 3389 1398 3478 nepotemque
1422 3379 1513 3453 inse-

241 3480 345 3552 rioris
353 3477 508 3552 forttmae
518 3475 691 3578 dignatio.
756 3477 911 3561 ummeia
929 3473 1100 3572 siquidem
1117 3472 1154 3548 id
1170 3479 1341 3576 temporis
1359 3470 1512 3551 habebat

167 3660 222 3664 -
242 3569 377 3650 Arcem
396 3576 600 3652 comitalem
613 3583 802 3676 ,agrorum
819 3571 1069 3665 divitem,nec
1084 3569 1202 3649 minits
1220 3573 1380 3647 aediflc'iis
1396 3571 1512 3688 spien-

160 3727 164 3745 ,
232 3672 385 3765 didam,
401 3697 622 3775 quatuorque
639 3671 795 3762 turribus
810 3671 1039 3844 ¹undiquaqpe
1050 3672 1305 3788 conspicuam,
1324 3670 1512 3768 quamne-

241 3772 303 3844 die
317 3773 475 3847 cernitur
493 3768 721 3944 Curinp'iana.
747 3769 804 3846 Ut
822 3786 943 3844 'coram
961 3793 984 3842 o
1010 3767 1164 3864 senaar,
1180 3787 1225 3844 cx
1243 3763 1423 3867 utriusque
1441 3767 1512 3845 [ιω

242 3865 281 3941 8(
298 3870 575 3944 alteriusruinis
615 3869 993 3967 undamentorumque
1008 3865 1164 3967 vestigiis
1186 3867 1246 3940 cin
1286 3873 1347 3938 tur
1372 3867 1510 3966 tripiici
1580 3862 1585 3870 ’

239 3951 330 4042 fone
348 3967 385 4043 δε
405 3967 521 4058 valdo,
535 3992 681 4067 areaque
704 3969 865 4040 omnium
884 3961 1028 4040 excedit
1044 3963 1240 4043 mensurum
1247 3865 1388 4064 &ptem
1406 3967 1443 4064 iu
1468 3981 1471 3988 '
1493 4006 1509 4024 ·

239 4087 319 4146 rum
338 4096 347 4146 :
365 4091 433 4146 nec
452 4068 550 4146 enim
565 4083 622 4143 tot
639 4071 812 4143 annorum
830 4063 982 4146 vetustas
1000 4053 1270 4170 aboiempoauit
1280 4065 1369 4165 quin
1383 4063 1432 4142 ito
1491 4093 1530 4165 ς’
