3358 4690
201 244 421 430 &datusque
435 323 582 426 illorum
594 224 1488 433 nriirduicirdnfnsetsamnumeroquenucetn

203 445 258 498 tes
273 423 350 504 satis
368 429 526 504 rnilitum
545 449 722 518 turmam,
741 423 975 502 consederunt
985 426 1068 502 loco
1078 431 1223 528 aprico,
1241 431 1480 510 Brustetniurn

205 523 354 601 inter&
383 517 605 628 Oppidum,
627 529 732 626 juxta
746 527 843 600 viana
866 524 1087 618 militarem,
1112 552 1153 600 ac
1181 553 1301 604 coram
1318 532 1481 608 Scabini's

204 621 452 722 imperialibus
474 625 573 701 Sedis
591 621 762 724 Aquenfis
780 623 852 696 huc
868 625 1055 717 evocatis,
1085 625 1313 727 Scabinisque
1329 630 1482 707 Taruda

126 719 130 728 ⁴
205 721 400 818 nensrbus,
426 724 473 798 de
498 725 560 824 Op
590 721 774 797 idanonrm
793 723 1188 820 queruntur-manifesta
1204 725 1423 822 rebellione,
1438 731 1483 806 dc

204 821 434 896 intolerandis
458 843 546 896 exce
574 821 679 896 rbus:
748 817 796 892 od
820 817 1045 894 fasliofiffnni
1072 821 1214 896 illorum
1240 846 1313 898 non
1339 831 1479 923 veriti,-

204 921 451 996 Dominarum
466 925 568 1020 jura,
586 915 709 1020 jurisdi
748 917 892 1011 ionem,
911 918 948 992 δι
965 941 1003 992 re
1030 918 1096 992 alia
1111 943 1176 1018 per
1193 924 1400 998 violentiam
1420 928 1480 1002 in·

204 1020 361 1112 vadere,
389 1019 524 1118 sibique
548 1041 722 1119 arrogare.
749 1015 846 1110 Qtae
872 1016 956 1090 curn
1012 1037 1053 1091 nt
1081 1017 1221 1114 iudiciis
1236 1021 1443 1099 indubitatis
1459 1051 1478 1120 ,¹

203 1117 419 1218 testibusque
437 1117 610 1218 probata,
629 1135 757 1218 petunt
776 1109 840 1187 fib'i
859 1114 1090 1188 administrari
1103 1117 1276 1216 justitiam
1295 1147 1309 1206 l
1331 1121 1474 1198 Scabini

204 1219 325 1316 itaque
340 1215 586 1319 jusseruntsrbi
607 1213 725 1314 prirnd
741 1210 988 1306 statui··Sedes,
1007 1216 1137 1312 partim
1156 1214 1267 1288 solum
1279 1217 1491 1321 Episcopo·

204 1313 266 1406 le,
279 1316 408 1412 partim
429 1311 637 1406 Abbatiale,
657 1335 737 1482 qluae
753 1327 985 1412 premerent,
1011 1311 1109 1411 quod
1128 1313 1258 1388 limites
1276 1337 1402 1390 eorum
1422 1317 1476 1418 ibi

203 1431 345 1486 coeant.
364 1410 475 1484 Nihil
493 1429 612 1485 tamen
629 1435 673 1484 ve
713 1407 761 1481 fic
781 1409 943 1508 legitime
968 1412 1089 1523 peragi
1107 1423 1277 1510 poterat,
1307 1415 1404 1514 quud
1422 1419 1473 1490 rei

54 1561 59 1571 -
204 1511 377 1607 campani
393 1509 534 1582 bannali
551 1531 624 1582 non
640 1507 759 1580 forent
777 1509 879 1580 citati
895 1507 1136 1601 adjudicium
1154 1541 1167 1596 ς
1186 1508 1340 1586 sedrnox
1360 1515 1475 1588 Satel·'
1555 1537 1557 1542 ·

203 1605 1473 1700 lesexaudaciffimis,h0noran0centumlibrarum'ruroneonumcona

204 1704 371 1812 ducitur,
389 1708 449 1805 qui
468 1729 516 1780 aes
535 1729 744 1804 campanum
790 1703 889 1778 ulset.
919 1705 953 1778 Is
970 1704 1172 1780 clanculum
1198 1707 1367 1808 ingressus
1384 1712 1472 1784 Mo⁴

203 1803 416 1896 nasterium,
433 1803 523 1878 illud
541 1823 682 1893 movet,
706 1827 751 1876 au
777 1805 918 1902 iturque
960 1827 999 1876 er
1023 1804 1215 1904 Oppidum
1233 1808 1472 1908 viciniamque

195 1899 348 1978 sonitus.
372 1903 472 1978 Tum
499 1901 641 1977 Scabini
659 1899 822 1998 ibidenr,
848 1829 959 2000 quod
971 1902 1064 1974 intra
1088 1905 1222 2008 moenia
1238 1906 1472 2002 'prohiberem

202 2019 264 2172 ppt
281 2005 335 2172 pps
353 2001 472 2076 dicere
484 2051 502 2094 ,
531 1999 727 2073 decernunt
750 1997 923 2072 sententiis
948 1997 1163 2092 definitivd,
1189 2001 1397 2078 Walterurn
1423 2004 1471 2079 de

87 2124 95 2139 ·
245 2123 278 2170 re

316 2152 329 2197 ,
365 2113 494 2186 uatuot,
501 2097 623 2172 fratres
633 2097 746 2170 distos
763 2095 808 2168 dn
827 2083 1200 2198 Walnere,nepotetit
1220 2099 1469 2192 illorurn,cri³

201 2125 396 2289 rninisldiae
415 2193 601 2297 majestatis
616 2219 715 2288 reos,
734 2195 832 2267 omni
842 2193 1008 2267 excidisse
1024 2196 1162 2269 honore
1180 2196 1216 2268 &
1231 2201 1312 2316 jure
1325 2199 1470 2296 Patriae,

203 2293 367 2396 bonaque
384 2294 528 2369 illorum
546 2293 716 2368 addicunt
741 2287 855 2366 Fisco.
882 2291 933 2366 At
951 2295 1122 2392 campani
1140 2293 1274 2368 diutius
1292 2295 1435 2370 sonante
1455 2316 1468 2392 ·,

61 2431 65 2436 ·
203 2391 313 2470 'Cives
329 2393 561 2472 convolarant
577 2391 620 2465 ad
636 2413 732 2466 arma
750 2411 759 2460 τ
776 2389 814 2464 &
882 2383 991 2465 imvis
1007 2390 1202 2466 certissimis
1218 2395 1351 2468 nuntiis
1369 2395 1470 2470 audi·-

203 2491 354 2586 vislent,
364 2491 483 2570 adesse
498 2489 717 2591 Episcopum
728 2511 809 2562 cum
855 2489 1192 2589 omitenonabsque
1202 2489 1324 2564 validis
1338 2496 1468 2592 copiis}

196 2587 279 2666 auli
299 2612 417 2666 tamen
427 2587 506 2664 sunt'
525 2592 637 2689 portis
655 2589 798 2688 egredi,
815 2589 997 2685 aciemque
1011 2586 1229 2758 inprourbio
1245 2589 1470 2667 Scharlronio

196 2687 387 2774 instruere.
413 2688 552 2762 Moniti
570 2709 689 2760 tamen
707 2683 728 2758 i
745 2684 893 2757 Comite
910 2706 952 2760 ut
969 2709 1052 2758 rece
1075 2703 1156 2778 ant,
1174 2683 1362 2786 edodtique
1380 2689 1468 2788 quid

202 2786 323 2860 aslum
342 2785 409 2881 sit,
428 2811 501 2890 non
518 2783 583 2859 nisi
599 2783 817 2884 proscriptos
834 2777 1168 2882 septem'turbarurn
1188 2785 1410 2886 incentores,
1428 2787 1468 2861 dt

194 2885 406 2972 ⁴rebellionis
422 2883 667 2985 antesignanos
683 2935 695 2976 ,
720 2880 812 2956 nihil
825 2877 977 2954 severius
993 2879 1164 2954 statutum
1182 2884 1220 2954 in
1237 2900 1385 2956 caeteros
1401 2885 1467 2957 Ci-

190 3008 266 3070 ‚ves
284 3035 305 3088 ,Ι
325 2983 522 3058 retulerunt
551 2981 677 3080 pedem
692 3031 708 3074 ,
732 2979 870 3078 seseque
888 2977 959 3052 sine
975 2975 1080 3052 turba
1096 2997 1307 3078 receperunt
1324 2982 1468 3081 quisque

205 3081 355 3158 domurn
376 3105 384 3152 :
404 3101 510 3180 atque
528 3081 600 3154 hoc
628 3077 732 3180 pasto
750 3077 887 3151 reddita
912 3075 1056 3176 pristina
1079 3101 1148 3175 pax
1165 3077 1468 3178 tranquillitasque

206 3181 385 3280 Oppido,
402 3179 487 3254 dum
504 3203 614 3292 poena
631 3177 673 3249 ad
693 3199 843 3274 paucos,
864 3195 980 3249 metus
998 3171 1041 3247 ad
1059 3196 1182 3247 ornnes
1198 3174 1332 3248 tranfit.
1358 3177 1467 3252 Anno

204 3289 316 3451 ur·
342 3278 420 3392 lt
438 3303 771 3448 i
789 3271 1181 3444 ,dn
1197 3273 1468 3446 irsal’ssrrtf

153 3565 157 3574 ι
204 3398 631 3552 sentiitinilcioiuseliuteisl
643 3399 732 3544 nihil
756 3393 891 3560 ugeriti,
922 3471 1033 3543 certas
1052 3397 1288 3543 Patiieiorurn
1303 3399 1467 3569 expiian't

205 3573 357 3665 dornos,
423 3571 627 3673 agistratum
656 3595 699 3644 ue
714 3567 922 3642 exPlebeiis
932 3587 1063 3642 creant.
1079 3567 1232 3660 Joanntts
1242 3567 1329 3640 Dux
1339 3568 1468 3670 egebit
1498 3663 1500 3666 Ι

95 3727 99 3737 ,
206 3667 438 3782 Temeno,
452 3669 586 3793 ⁸pucali
596 3595 802 3782 simmia
819 3663 946 3738 secessu
954 3695 967 3752 3
987 3687 1028 3737 ac
1099 3685 1210 3779 toque
1225 3665 1299 3778 lroe
1317 3669 1468 3782 nuntio,

205 3762 1466 3964 inlustrioratrtuittttnustnutt:

200 3961 300 4039 vidnl
328 3989 372 4054 uc
396 3960 588 4064 progrelli,
612 3962 799 4036 caeduntur
817 3958 837 4034 ὲ
854 3958 1037 4034 militibus.
1059 3957 1203 4037 Eodem
1221 3957 1279 4032 die
1295 3959 1387 4034 Dux
1402 3961 1466 4035 td·

157 4107 162 4117 ·
203 4059 304 4141 verrit
348 4059 520 4158 mello,
536 4071 665 4160 trtmpe
682 4055 848 4137 Calendis
863 4057 975 4151 Mn,
993 4053 1187 4160 sedatoque
1202 4059 1466 4157 tumultnfdt·
