3300 4728
149 329 154 338 ⁶
404 249 1092 328 LOSSENSIS.Lib.IX.
1329 275 1408 352 275

181 343 307 446 Atque
324 345 381 422 his
400 351 631 447 praenotatis,
658 347 744 424 cinn
763 348 914 424 Adulfus
933 351 1125 425 Marcanus
1144 345 1311 450 singulari
1330 377 1405 428 arn·

121 443 338 542 plificandae
356 443 501 520 familiae
525 468 708 528 teneretur
733 446 934 538 desiderio,
959 471 1017 520 ma
1046 471 1157 546 naque
1184 447 1401 524 necessitudo

120 541 188 615 1111
209 567 289 622 curn
308 543 424 618 Gelro
443 544 700 637 intercederet,
724 545 818 619 haud
834 543 980 646 gravate
999 469 1042 618 ab
1063 569 1107 616 eo
1124 545 1283 618 obtinuit
1300 569 1340 620 ut
1360 547 1405 619 si·
1512 559 1515 572 ’

119 640 220 722 liam
236 641 330 715 suam
349 641 552 716 Godefrido
571 643 712 717 cederet
730 667 899 734 uxorem,
924 645 982 716 cui
989 646 1063 742 jam
1082 641 1268 717 certissima
1278 643 1405 718 Comi·
1499 689 1502 696 ·

121 735 418 820 tattisLossensrs
435 738 594 840 posseffio
610 741 747 815 addieta
764 760 839 814 erat
858 769 866 813 :
887 761 1031 838 eratque
1049 739 1185 812 Adolso
1204 739 1313 841 longe
1330 767 1401 842 prae

80 839 84 842 ’
117 837 300 926 omnibus
318 839 503 914 Marcanae
512 837 655 912 familiae
665 837 1289 938 Proceribuscariffimus,Scingenti
1302 844 1407 941 juve·

120 937 184 1014 nis
195 936 258 1010 ille
277 937 449 1035 Princeps
467 936 631 1035 potiundi
656 940 763 1016 etiam
782 932 945 1012 Ducattis
957 957 1029 1010 tam
1048 935 1144 1010 selici
1161 935 1303 1010 senioris
1321 939 1428 1014 filiae'

122 1031 323 1108 connubio
336 1033 496 1112 alebatur
513 1033 572 1132 spe
581 1065 594 1120 3
615 1055 651 1110 at
669 1038 707 1108 in
724 1035 814 1112 flore
831 1035 966 1126 aetatis,
985 1057 1116 1108 annum
1132 1036 1217 1108 vitae
1233 1058 1341 1134 agens
1356 1038 1407 1112 al-

121 1152 253 1206 terum
266 1129 371 1229 supra
395 1129 606 1232 vigesimum
625 1184 638 1222 ‚
657 1133 760 1206 rebus
780 1133 939 1206 humanis
957 1133 1127 1206 eximitur
1146 1181 1158 1224 ,
1175 1135 1331 1207 maximo
1351 1156 1408 1210 to·

119 1231 207 1306 tius
214 1228 659 1320 Patriaeincommodo,&
677 1229 775 1304 lustu
792 1227 934 1302 suorum
945 1280 958 1321 ,
969 1228 1161 1329 praesertim
1173 1232 1280 1328 patris
1298 1257 1408 1308 avun-

122 1325 501 1426 culique,decoratus
519 1327 722 1428 lachrymis.
748 1327 960 1400 Chronicon
977 1328 1209 1402 Trudonense
1224 1327 1345 1404 scribit
1364 1331 1411 1404 il-

121 1423 435 1516 iumoccubuisse
450 1427 487 1498 in
522 1449 617 1524 ugna
631 1425 790 1500 adversus
805 1425 965 1500 infideles
982 1458 994 1512 3
1015 1425 1072 1498 sed
1091 1428 1233 1526 quinam
1253 1425 1328 1520 illi,
1346 1449 1408 1505 aut

124 1522 224 1612 ubi,
241 1547 295 1596 res
314 1525 460 1596 incerta.
486 1450 643 1598 lixcessit
661 1549 707 1598 ex
724 1525 790 1598 hac
808 1525 883 1596 vita
900 1549 993 1596 anno
1016 1546 1123 1621 1342.
1432 1591 1436 1604 ,
1497 1599 1501 1627 2

185 1621 290 1695 Hinc
308 1619 489 1696 Canonici'
500 1621 733 1714 Leodienses‚
753 1623 814 1719 qui
832 1624 1034 1722 ingratiam
1054 1621 1120 1695 filii
1137 1619 1303 1696 hactenus
1318 1647 1405 1698 cum

122 1738 240 1820 patre
261 1715 625 1810 simulaverint,huic
641 1745 734 1793 anno
744 1718 900 1818 sequenti
910 1719 995 1792 durn
1006 1719 1119 1794 rursus
1129 1721 1222 1800 diem
1231 1720 1356 1796 dicunt
1367 1723 1405 1794 in
1481 1788 1485 1797 .

125 1815 251 1890 ,Curia
266 1813 455 1890 Pontificit
473 1817 687 1908 Avenione,
711 1818 883 1916 litemque
905 1817 1131 1914 intermissam
1161 1819 1400 1910 reassumam,

126 1913 239 2013 qubd
264 1917 369 1986 etiarn
397 1913 502 2014 ipsius
522 1913 692 2036 Episcopi
710 1914 811 1988 favor
827 1939 911 2016 erga
928 1915 1100 1990 sororium
1119 1914 1290 1990 refrixisse
1307 1915 1406 1989 vide·

124 2032 262 2103 retur,
280 2009 440 2110 qudmvis¹
456 2036 577 2086 revera
591 2037 714 2112 parum
731 2033 792 2086 aut
809 2013 900 2089 nihil
915 2014 986 2088 hoc
1004 2015 1042 2088 in
1058 2015 1207 2114 negotio
1235 2012 1406 2113 Capitulo

129 2109 397 2208 opitularetur,
415 2111 479 2182 lite
496 2109 612 2183 adhuc
630 2111 828 2209 pendente,
845 2132 964 2190 tamen
980 2111 1212 2186 obtinuerunt
1231 2111 1408 2198 Canonici

129 2207 413 2284 Theodericum
441 2211 743 2282 excommunicari
763 2209 979 2284 authoritate
997 2209 1028 2281 A
1082 2209 1227 2300 stolict,
1244 2207 1409 2286 Comita-

124 2327 289 2406 tumque
304 2305 514 2384 Lossensetn,
530 2305 694 2380 interdici
711 2307 814 2381 sacris
824 2339 837 2396 ⁵
858 2307 971 2421 quise
988 2309 1025 2405 ip
1040 2333 1100 2380 um
1122 2307 1216 2380 haud
1233 2307 1412 2400 deserens,
1539 2330 1543 2338 ·

131 2401 448 2502 circumspiciebat
473 2427 707 2502 quaecumque
734 2403 783 2478 sui
810 2405 932 2479 tuendi
954 2399 1062 2477 ¹cansa
1081 2423 1220 2502 poterat
1239 2404 1411 2501 praesidia.
1509 2445 1510 2448 ¹

1 2505 2 2512 ’
50 2515 52 2520 ’
132 2501 358 2593 Brabantus,
376 2504 477 2599 cujus
496 2502 726 2594 Ditionibus,
744 2502 956 2576 Brabantica
970 2501 1008 2574 &
1026 2500 1300 2602 Limburgenfi,
1319 2501 1413 2575 Tra·
1545 2587 1551 2596 ἱ

135 2599 222 2676 &us
238 2597 413 2674 Louenfis
440 2599 656 2692 includitur,
674 2599 725 2672 illi
740 2652 753 2692 ,
770 2599 930 2700 qualmvis
956 2599 1044 2672 iliud
1071 2597 1302 2692 dissimulans,
1322 2603 1414 2674 taci·
1505 2643 1508 2649 ·

130 2717 197 2774 ‚tus
215 2697 374 2772 inhiabat
392 2696 532 2796 suaeque
559 2697 706 2796 optabat
725 2699 907 2797 potestatis
925 2697 1014 2774 fieri.
1041 2699 1141 2772 Huic
1160 2697 1412 2771 Theodoricus
1438 2764 1449 2778 ,

128 2795 238 2872 arelo
251 2791 471 2896 jungebatur
487 2793 623 2870 foedere
641 2818 649 2864 :
669 2821 774 2893 quern
786 2797 924 2894 juribus
942 2819 1014 2870 tam
1032 2795 1133 2870 aretis
1152 2795 1214 2868 fibi
1232 2817 1273 2868 ut
1290 2796 1412 2870 faven-

68 2931 74 2944 ·
134 2897 271 2971 tiorem
287 2893 438 2985 reddat,
457 2891 742 2998 quandoquidem
755 2897 830 2992 jam
848 2895 947 2965 omni
964 2893 1023 2990 spe
1030 2893 1253 3060 posteritatis
1272 2892 1314 2966 srt
1332 2889 1408 2968 des-

127 2997 300 3084 ·titutua,
327 2991 559 3089 Feudumque
585 2989 685 3064 suurn
710 2989 754 3063 ab
774 2987 933 3062 Ecclesra
949 2989 1028 3060 Leo
1055 2987 1138 3062 ienfi
1156 2991 1251 3063 forte
1268 2991 1355 3064 velit
1372 2994 1410 3064 in

129 3091 250 3162 alium
269 3088 517 3180 transcribere,
535 3085 698 3162 indultus
717 3085 737 3160 i
754 3085 953 3178 Brabanto,
969 3085 1143 3184 expeditis
1161 3087 1319 3186 desuper
1335 3088 1412 3162 Co·

130 3186 271 3260 ¹dicillis
283 3187 336 3258 illi
355 3187 526 3283 spondet,
545 3186 579 3258 se
593 3184 818 3260 Comitatutn
834 3183 1034 3260 Loisensem
1055 3184 1143 3258 nulli
1160 3187 1267 3272 alicui
1287 3185 1411 3262 vendi·

136 3303 266 3358 turum
284 3282 348 3355 nisr
369 3287 425 3356 cui
436 3285 631 3358 Brabantus
647 3283 941 3358 volueritFacile
959 3283 1161 3356 videreerat
1178 3281 1413 3381 qubnanailla
1434 3349 1436 3352 .

139 3402 288 3482 urgeret
303 3381 507 3455 Transastio
527 3382 718 3456 :Hoienses
732 3381 937 3459 diffidebant
955 3381 998 3454 ab
1009 3381 1309 3480 Episcopo?,·quos
1328 3378 1416 3456 citur

129 3499 280 3653 pararet
298 3481 407 3594 annis·
418 3479 601 3650 subigere,
621 3480 673 3553 illi
691 3481 902 3593 refugerunt
919 3478 962 3590 ad
976 3479 1148 3572 Joannem
1168 3481 1311 3552 Duc'em
1329 3481 1415 3554 Bra·

128 3575 1414 3775 illletntillillllfltlntbnlllbllttltfplltslt:

126 3773 247 3867 -fidia,
258 3773 446 3876 praecipue
460 3793 501 3848 ut
520 3795 599 3848 tota
614 3771 799 3846 Nobi-litas
817 3773 854 3844 in
870 3772 973 3844 annis
990 3792 1194 3870 compareat
1212 3775 1413 3878 militetque

132 3872 509 3948 contra-Brabantum
532 3869 825 3968 ,respondetur,
856 3869 950 3940 illam
978 3869 1069 3942 istud
1098 3868 1267 3950 sasturam
1289 3899 1412 3972 quam-

77 4049 79 4062 ,
132 3967 400 4085 promptissime
423 4000 436 4061 ,¹
461 3968 487 4042 fi
515 3970 711 4068 Episcopus
737 3965 1008 4041 Theodoricum
1039 3967 1227 4047 Comitatu
1253 3969 1412 4044 Loffenii

142 4069 338 4165 antestat(
355 4067 492 4144 secreto
519 4065 690 4166 fiquidem
718 4065 877 4170 plerique
902 4063 954 4140 illi
981 4067 1088 4153 etiam
1106 4065 1413 4243 sffiogponiiffi
