3300 4728
418 327 890 405 L'OSSENSIS.
924 329 1001 402 Lib.
1035 329 1113 403 IX.
1192 330 1196 338 '
1302 329 1370 408 281

80 419 386 522 eriulceratisque
403 425 515 501 totius
540 425 719 502 exercitiis
737 429 884 519 animis,
904 427 995 500 nihil
1010 427 1159 502 omnino
1175 423 1386 505 intermittit

87 521 207 622 quod
235 523 277 596 ad
287 522 566 626 accelerandam
584 525 810 600 deditionem
838 523 972 598 faceret
991 545 999 592 ε
1017 521 1387 601 intercluduntur'iti·

85 645 222 713 nera,
247 644 432 694 murorum
458 620 562 696 fossas
590 623 720 723 magni
744 622 901 720 undiqua
924 645 971 694 ue
998 645 1043 696 eo
1096 621 1248 696 estarum
1279 624 1386 699 arbo·

83 742 182 791 rum
212 719 320 818 copiis
337 719 469 793 milites
488 703 658 832 repient,
692 719 855 819 fiuntque
930 719 991 792 dui
1009 719 1049 792 in
1104 743 1201 792 icem
1222 718 1386 814 assultus,

85 815 204 914 quod
223 815 387 889 nonnulli
403 839 449 888 ex
465 819 591 890 vicinis
602 819 695 917 agris
710 843 752 890 ca
796 819 845 892 ivi
864 819 970 890 certis
989 817 1206 928 argumentis
1216 815 1312 915 spem
1331 818 1385 894 sa·

85 933 231 988 cerent
247 937 322 988 non
340 911 403 986 diii
417 913 611 988 tolerandae
626 914 671 987 ab
690 916 738 988 ob
753 913 825 988 effis
844 941 867 988 o
919 915 1145 1013 uguitionis,
1159 937 1272 1011 neque
1289 918 1386 990 enim

41 1022 45 1036 '
87 1035 160 1084 eos
180 1013 282 1084 inter
300 1011 547 1132 convfniebat.
574 1013 674 1086 Hinc
691 1013 785 1086 nova
802 1037 844 1086 ru
876 1037 915 1086 us
933 1011 1061 1085 exorti
1083 1009 1312 1104 dissensione,
1330 1016 1386 1086 vi·

87 1106 1049 1304 {sitististtllllstttiltsoefrfitsl
1064 1107 1386 1291 assistis
1457 1301 1461 1308 ,

1 1395 2 1399 ¹
90 1303 298 1377 Lambeiti
315 1301 491 1376 fortissimi
518 1305 718 1402 Martyris,
743 1303 948 1401 summique
974 1305 1167 1400 exponitur
1183 1304 1278 1376 Arce
1298 1337 1311 1391 ·‚
1332 1305 1385 1378 iii-

91 1401 323 1502 grediuntui
336 1399 513 1480 deindeE
540 1401 676 1500 iscopus
694 1451 708 1493 ,
736 1403 928 1498 caeterique
944 1401 1127 1498 Principes
1145 1399 1294 1498 copioso
1320 1427 1386 1478 nu-

95 1522 226 1572 mero.
251 1498 378 1569 Fertur
395 1499 437 1570 ei
457 1426 562 1570 noge
581 1497 905 1572 Dalembrouchius
927 1495 1054 1570 cessisse
1073 1495 1202 1570 visioii
1219 1498 1385 1580 Antistiti

44 1603 46 1608 '
124 1594 385 1694 uidquidjuris
404 1596 441 1667 in
460 1593 684 1668 Comitatum
703 1595 871 1687 haberet,
889 1593 1030 1692 fideque
1042 1595 1160 1694 jurati
1180 1592 1386 1692 spopondis-

94 1617 135 1764 se
157 1691 196 1764 se
215 1715 394 1792 nunquam
411 1693 571 1768 comitali
588 1691 729 1766 usurum
749 1693 880 1778 titulo,
899 1691 957 1764 sed
970 1689 1148 1790 sponsioni
1165 1715 1387 1790 nequaquam
1422 1693 1424 1698 ’

98 1788 239 1862 stetisse
259 1813 267 1857 :
286 1791 444 1887 perrexit
462 1789 654 1888 siquidem,
672 1789 795 1864 relisto
815 1787 1111 1863 Dalembrouchii
1128 1790 1293 1880 nomine,
1310 1814 1386 1866 non

96 1885 254 1961 tantum
272 1885 495 1978 Loisensem,
513 1885 571 1958 sed
597 1885 836 1960 &Comitem
855 1885 1027 1977 scribere,
1047 1905 1154 1984 prout
1179 1884 1253 1958 vidi
1273 1887 1311 1958 in
1329 1888 1405 1986 ip·-

99 1982 180 2057 iius
207 1983 503 2082 Diplomatibus,
530 2009 681 2082 quorum
708 1983 824 2083 aliqua
841 1986 878 2056 iii
897 1983 1018 2057 nostro
1034 2003 1158 2056 extant
1175 1981 1384 2058 Tabulario.

98 2081 192 2182 Ipse
217 2099 364 2179 totaque
389 2083 463 2180 ejus
490 2081 673 2179 posteritas
688 2080 895 2180 assumpsere
913 2105 1046 2154 nomen
1060 2081 1279 2250 infigniapue
1297 2081 1389 2155 Los-

100 2176 251 2270 sensia,
277 2179 372 2251 inani
400 2202 442 2250 ue
469 2180 506 2250 in
534 2176 640 2252 seram
662 2179 904 2278 posteritatem
921 2177 1198 2271 oblesiaruntflse

24 2346 27 2351 .
102 2276 173 2351 suo
184 2311 197 2364 3
218 2297 360 2366 tamen,
374 2202 451 2350 sive
466 2275 510 2348 de
530 2275 704 2368 'ure,sive
723 2277 767 2350 de
785 2276 918 2350 viribus
933 2273 1285 2378 diffidens,quimvis
1300 2279 1389 2350 Phi·

102 2375 285 2474 lippinam
305 2373 491 2445 Guilielmi
549 2377 623 2446 ucis
638 2373 844 2467 Juliaccnsis
869 2373 979 2447 filiam
1004 2371 1149 2464 haberet
1168 2375 1387 2470 conjugem,

134 2471 288 2570 uidquid
306 2469 370 2544 fibi
388 2469 573 2568 superesset
586 2474 675 2568 juris
687 2470 1084 2560 inComitatum,anno
1109 2477 1176 2564 136
1183 2489 1213 2566 3.
1225 2469 1388 2542 Arnoldo

107 2497 157 2643 ie
174 2568 336 2658 Oreille,
356 2567 524 2664 Dynastae
542 2570 748 2660 Rumineo,
767 2567 943 2667 patrissui
961 2563 1196 2656 consobrin0,
1212 2567 1387 2662 pecuum,

107 2666 172 2740 sed
189 2689 370 2763 nunquam
389 2663 569 2756 exsoluti,
581 2665 740 2738 vendidit
751 2699 763 2751 3
786 2663 883 2834 puisd
902 2662 998 2737 sorti
1015 2661 1187 2762 speraret,
1205 2662 1308 2734 illum
1326 2687 1388 2734 au·

111 2763 236 2836 surum
258 2761 414 2836 resistere
433 2761 637 2860 Episcopo,
657 2785 722 2837 nec
740 2763 784 2836 de
801 2783 919 2836 lituras
935 2765 1025 2836 vires
1043 2787 1052 2833 :
1068 2779 1144 2832 erat
1162 2757 1330 2857 siquidem
1350 2759 1389 2833 ic
1458 2765 1466 2776 '

110 2861 188 2962 ipse
215 2861 236 2933 ὃ
263 2861 387 2934 Domo
395 2858 555 2932 Loss'ensi
582 2861 781 2949 oriundus,
801 2857 1085 2955 avunculumque
1103 2855 1330 2931 Ludovicum
1349 2857 1388 2930 &3

110 2979 314 3050 maternum
335 2981 444 3030 avum
452 2954 653 3030 Arnoldum
665 2957 827 3030 Comites
846 2955 1038 3044 habuerat,
1056 2949 1223 3050 qualmvis
1234 2979 1278 3028 ex
1314 2976 1388 3053 arte
1488 2958 1489 2965 ’

113 3061 226 3156 patris
244 3053 432 3128 Guilielmi
457 3055 501 3127 dc
521 3053 658 3128 Orcille
678 3053 858 3152 Armigeii
876 3049 1016 3126 tantum
1042 3075 1115 3123 non
1134 3075 1258 3150 parum
1278 2981 1389 3126 ‹ieeli-

54 3175 57 3182 ’
113 3177 200 3226 nare
225 3151 410 3226 videbatur
434 3182 447 3235 3
474 3173 592 3224 tamen
619 3151 696 3250 plus
724 3175 828 3248 aequo
847 3145 1066 3240 animosior,
1094 3149 1191 3247 quiid
1210 3151 1388 3248 originem

112 3251 275 3324 traheret
290 3273 334 3321 ex
344 3247 459 3322 nobili
466 3247 625 3362 prosapia
641 3248 685 3322 de
696 3248 830 3322 Awans
840 3250 877 3320 in
887 3246 1087 3339 Hasbania,
1106 3271 1215 3345 opum
1230 3247 1266 3318 &
1276 3247 1387 3319 clien-
1428 3257 1431 3262 “

115 3367 196 3422 tum
217 3343 401 3434 ditislima3
418 3345 546 3431 deinde
566 3345 662 3444 quod
682 3348 826 3444 Satiapa
850 3345 945 3418 foret
957 3335 1163 3418 'Brabantiae
1181 3343 1389 3440 militiaeque

115 3448 316 3544 imperans,
333 3468 390 3536 ma
442 3445 520 3516 ain
538 3443 632 3516 Aula
650 3445 853 3526 Wencessai
874 3443 987 3516 Ducis
1007 3443 1224 3514 authoritate
1242 3441 1388 3530 floreret

117 3563 119 3568 ·
164 3541 346 3657 cuntisque
374 3568 394 3615 a
419 3541 578 3616 undaret.
614 3541 722 3616 Uxor
740 3537 913 3640 prae'terei
941 3539 992 3610 illi
1010 3538 1189 3637 obtigerat
1213 3534 1389 3632 Isabella,

111 3569 299 3716 peudovim
326 3639 463 3713 Malani
488 3638 662 3712 Flandriae
689 3637 844 3712 Comitis
871 3635 974 3727 filia,
1000 3635 1125 3707 mulier
1143 3637 1388 3734 magnanima,

10 3737 16 3749 “
115 3763 270 3839 quaeque
289 3736 474 3811 insatiabili
484 3737 634 3838 flagrans
651 3735 869 3824 ambitione,
886 3733 932 3806 eo
941 3733 1050 3806 etiam
1058 3734 1225 3806 maritum
1244 3734 1389 3833 propel-

113 3836 212 3912 lebat
225 3829 422 3934 :'quodq'ue
443 3855 551 3933 caput
569 3833 705 3926 rei,illi
724 3835 761 3905 in
777 3828 966 3905 Brabantia
984 3829 1022 3902 &
1039 3828 1224 3922 Flandria,
1245 3834 1333 3929 quin
1351 3831 1391 3906 &
1468 3869 1474 3878 ·

114 3935 317 4008 inDitione
332 3931 658 4023 Leodiensi,amici
676 3930 771 4005 haud
787 3929 954 4019 deerant,
965 3928 1026 4026 qui
1041 3925 1214 4026 ejusmodi
1229 3925 1390 4025 soverent
1462 3993 1467 4000 .

117 4033 333 4107 comtibus:
352 4051 458 4133 atque
476 4029 536 4104 his·
546 4027 687 4128 aliisque
705 4027 876 4111 decausis
894 4027 1113 4124 emptionem
1133 4025 1229 4100 illam
1246 4025 1388 4128 aggresz

117 4125 194 4224 siu,
208 4129 386 4210 letiorem
401 4149 520 4206 rerum
536 4125 674 4204 suarum
689 4125 926 4228 augurabatur
942 4125 1093 4203 exitum.
1130 4217 1176 4294 N
1367 4177 1372 4184 -
1422 4125 1426 4134 '

1185 4243 1210 4292 ii

1225 2179 1389 2253 chemate
1519 2185 1525 2204 '
