3300 4728
281 256 313 316 ι
668 240 1370 334 DIPLOMATA„,‚
1438 325 1525 340 ..

280 344 446 446 redigens
470 339 637 416 servitute
662 391 675 432 ,
702 339 872 416 Ecclefiae
896 341 991 416 beati
1014 340 1157 414 Amoris
1182 337 1346 418 condidit
1375 395 1389 438 ,
1416 347 1557 448 hocqn'e
1622 405 1624 438 ,

278 444 503 518 vconditionis
527 461 681 532 tenore,
711 440 809 540 qubd
837 461 910 514 tam
936 440 1046 541 ipsas,
1065 438 1171 536 quim
1199 461 1322 536 omnes
1366 443 1561 526 ostentatis
1623 509 1624 534 ἶ

285 547 356 620 suae
384 540 551 632 soboles,
578 536 720 638 fingulis
748 541 846 612 annis
871 539 1003 612 ibidem
1020 537 1064 608 ad
1083 537 1206 609 Altare
1226 468 1391 636 praedisti
1410 545 1560 616 Patroni

284 643 336 718 sui
355 643 442 716 duos
460 637 661 742 persolvent
679 637 860 722 denarios3
880 636 1043 708 mulieres
1059 632 1171 707 libere
1189 634 1361 710 nubentes
1376 641 1414 711 in
1434 642 1558 715 orbitu

284 742 346 818 suo
372 747 459 814 xrtj
486 737 645 811 denarios
668 759 733 834 pro
761 733 948 806 coremede
967 733 1121 818 darent·;
1148 733 1215 804 viri
1227 733 1320 806 verb
1338 732 1472 810 alienas
1488 735 1556 813 du'·

283 859 511 933 centes,x11.
530 834 690 908 denarios
707 831 749 905 ad
767 833 947 926 licentiam
968 829 1103 902 solvent
1120 880 1133 922 ,
1150 830 1376 932 totidemque
1394 837 1438 908 in·
1456 837 1554 912 orbi·

255 977 259 985 ·
282 957 324 1012 tu
343 937 403 1010 suo
427 930 583 1026 darent,
602 931 808 1028 nullumque
826 929 1051 1002 Advocatum
1073 929 1240 1001 habentes
1269 952 1403 1028 praeter
1425 934 1552 1008 Altare

274 1029 406 1126 suum,
423 1033 528 1106 nullis
545 1031 705 1130 placitis,
722 1025 893 1126 nullisque
902 1024 1144 1100 exafilionibus
1154 1045 1362 1112 tenerentur
1382 1031 1551 1119 obnoxii5

281 1131 340 1207 sed
358 1131 402 1206 ab
420 1132 519 1206 omni
543 1133 682 1229 penitus
701 1127 876 1200 servitutis
889 1128 980 1226 jugo
1000 1121 1117 1196 soluto
1136 1122 1240 1196 censu
1258 1151 1489 1229 permaneant
1509 1131 1550 1203 li·

282 1231 371 1306 beti.
390 1229 558 1327 Cirmque
575 1229 655 1300 haec
675 1249 738 1322 per
756 1220 939 1316 decursum
955 1223 1126 1319 temporis
1144 1220 1320 1296 oblivioni
1331 1225 1469 1314 tradita
1487 1252 1549 1326 pe-

284 1353 330 1404 ne
350 1327 588 1412 vacillarent,
616 1325 666 1394 ita
692 1343 846 1420 quoque.
859 1341 900 1392 ut
929 1318 1071 1417 quidam
1090 1319 1227 1399 irritare
1252 1344 1496 1418 conarentur,
1513 1325 1551 1398 δε

280 1425 315 1498 se
345 1425 474 1497 liberos
490 1417 770 1510 Ministerialcs,
797 1441 870 1490 non
894 1416 1067 1507 censuales
1095 1415 1349 1492 confirmarent
1371 1425 1550 1520 petitione

279 1521 460 1618 cujusdam
485 1519 591 1593 bonae
610 1517 792 1589 memoriae
809 1516 875 1590 viri
893 1513 1069 1596 Richardi
1088 1512 1240 1586 Seststen
1258 1515 1303 1590 de
1321 1509 1549 1616 Seoludonc,
1622 1573 1624 1590 2

280 1611 342 1720 qui
368 1617 556 1693 decadem
574 1615 645 1691 fuit
661 1615 829 1706 Familia,
844 1615 1030 1686 veritatem
1048 1610 1199 1710 ejusdem
1231 1637 1314 1686 reco
1367 1616 1548 1712 ostentet,
1622 1605 1624 1720 l

279 1720 464 1794 communi
483 1713 653 1808 confilio,
666 1713 731 1788 scri
759 1733 799 1788 to
817 1711 1007 1812 diligenter
1025 1709 1279 1784 annotavimus.
1299 1637 1472 1789 hltnutea
1485 1719 1547 1792 de·
1620 1721 1624 1802 l

260 1892 262 1896 ,
280 1819 362 1891 inte
388 1843 402 1890 s
420 1839 494 1892 rata
510 1815 547 1888 &
563 1739 766 1888 inconcusa
783 1825 1010 1909 pemraneant
1028 1857 1042 1898 ,
1070 1805 1175 1906 figilli
1200 1809 1309 1882 nostri
1327 1813 1548 1890 authoritate
1622 1803 1624 1902 l

280 1845 569 1989 condonavimus
590 1962 604 2001 ,
628 1910 858 1983 anathematis
882 1931 942 1978 eos
968 1902 1141 1978 sententii
1165 1903 1399 2000 damnantes,
1429 1911 1456 1983 sr
1484 1917 1545 2012 qui
1622 1905 1624 1958 l

278 2009 461 2108 praesatam
480 2010 708 2084 donationem
727 2001 875 2076 ulteriits
891 1999 1023 2074 violare
1041 1999 1264 2102 praesumant.
1294 2005 1420 2079 Testes
1439 2009 1544 2109 hujus
1623 2055 1624 2064 κ

170 2121 173 2130 ’
274 2108 329 2184 rei
347 2103 425 2179 sunt
443 2103 637 2180 Gertrudis'
649 2101 778 2175 Custos
796 2151 809 2191 ,
834 2097 1052 2174 Godesridus
1075 2101 1262 2192 Decanus,
1284 2104 1346 2176 Hu
1375 2105 1539 2182 oCtno·

277 2197 396 2296 nictu,
415 2200 661 2293 Hillebertus,
679 2197 1115 2289 Hermannus,Henricus
1131 2195 1282 2290 Custos,
1301 2128 1544 2280 Hiibertuslde
1622 2285 1624 2288 ,

277 2301 452 2404 Spaldeo,
472 2299 654 2380 Hubertus
671 2298 778 2371 stater
792 2301 877 2394 ejus.
905 2293 995 2368 Aeta
1012 2293 1090 2370 sunt
1106 2297 1184 2366 haec
1202 2321 1294 2370 anno
1313 2300 1356 2374 ab
1376 2302 1541 2378 Inctma·

278 2405 378 2476 tione
403 2400 555 2475 Domini
573 2389 1253 2492 millesrmo‚centcfimo,odluages1mo
1269 2399 1407 2493 primo,
1419 2401 1540 2474 lndjc.

253 2501 378 2574 «tione
390 2499 533 2572 'decimi
551 2497 698 2595 quarta,
717 2496 856 2568 Romae'
876 2487 1085 2593 praesidente
1101 2491 1325 2587 Alexandro,
1342 2499 1539 2596 imperante

278 2597 491 2688 Frederico,
510 2593 639 2668 Leodii
658 2589 865 2692 praesidente
882 2587 1105 2688 Rodulpho‚
1123 2587 1269 2662 Comite
1286 2593 1442 2668 Lossenfi
1462 2597 1539 2670 Ge·

273 2693 389 2767 tardo.
415 2693 602 2792 Signatum
620 2709 693 2762 erat
704 2687 902 2761 Mrcarm
921 2682 1016 2780 Ttr,
1028 2687 1201 2762 Notarius
1211 2689 1458 2788 'Apostolicus.
1469 2691 1538 2768 Pe'r

175 2901 177 2907 A
274 2797 392 2887 opiam
399 2789 590 2886 subscripstt.

797 3093 952 3192 Numero'.
981 3115 1015 3165 2.
1069 3135 1071 3142 ·
1126 3175 1131 3184 ,

319 3289 361 3363 Ν
379 3279 522 3364 nomine
546 3285 671 3364 sanslae
696 3283 735 3359 &
753 3283 945 3359 individuae
966 3285 1165 3368 Trinitatis.
1192 3285 1337 3362 Notum
1358 3288 1402 3363 sit
1418 3293 1531 3366 omni-

158 3451 161 3458 .
268 3405 274 3442 ³
318 3388 403 3488 bus,
422 3409 495 3462 tam
511 3389 657 3488 posteris
676 3382 780 3482 quim
799 3381 1050 3486 praesentibus,
1092 3385 1218 3458 ualiter
1233 3408 1303 3484 ego
1320 3389 1379 3460 Re
1408 3414 1529 3480 encra,

272 3505 345 3561 tam
364 3513 429 3588 pro
445 3487 602 3560 remedio
618 3485 743 3558 animae
760 3481 865 3580 quim
907 3502 948 3556 ro
964 3410 1166 3556 defensione
1191 3412 1531 3586 totiusopolieritatis
1552 3489 1557 3496 ’

271 3607 384 3674 meae,
403 3576 488 3658 cuni
504 3587 606 3660 essem
629 3581 757 3673 libera,
776 3581 866 3655 tradi
893 3581 904 3651 i
921 3603 978 3653 me
994 3583 1032 3654 in
1047 3581 1208 3652 ancillam
1224 3578 1341 3654 saneto
1351 3584 1477 3657 Amori
1494 3585 1530 3656 in

269 3675 484 3772 Bilisra,sub
500 3683 604 3758 censu
621 3704 713 3756 cerae
737 3701 889 3777 quatuor
904 3678 1126 3752 denariorum
1145 3710 1157 3764 5
1178 3677 1220 3750 ed
1236 3679 1468 3772 conditione,
1485 3701 1527 3754 ut

267 3777 385 3848 omnis
402 3803 480 3850 mea
495 3783 679 3877 posteritas
697 3776 846 3849 eundem
857 3775 997 3858 censum
1006 3775 1117 3849 solvat
1135 3777 1171 3848 in
1190 3771 1279 3848 sesto
1297 3774 1404 3850 sansli
1415 3780 1528 3851 Amo·

268 3876 316 3947 ris
327 3898 336 3944 :
347 3873 462 3947 nullus
477 3897 593 3949 autem
610 3877 744 3966 solvat,
760 3871 824 3947 nisi
840 3875 937 3972 priirs
956 3876 993 3946 in
1010 3875 1185 3974 conjugio
1202 3871 1332 3967 suerit„
1352 3899 1415 3974 per
1432 3875 1529 3952 diem

266 3969 462 4044 &annum
491 3971 528 4046 Si
546 3975 623 4070 quis
639 3969 726 4044 verb
743 3971 787 4044 de
804 3973 1004 4069 longinquo
1021 3975 1181 4063 venerit,
1204 3969 1240 4043 bc
1259 3990 1349 4070 opus
1368 3973 1530 4071 prandio,

262 4087 413 4173 propter
431 4071 609 4176 inopiam,
629 4067 814 4162 habuerit,
829 4067 934 4143 detur
951 4070 985 4142 ei
1004 4067 1165 4148 denarius
1181 4067 1225 4144 ab
1245 4093 1290 4144 eo
1309 4071 1370 4170 qui
1388 4068 1532 4147 censum
1621 4103 1624 4118 ·
