3298 4690
375 261 848 352 tossavsvs.
881 275 958 350 aa.
993 277 1066 350 Vr.
1273 288 1338 377 163

105 383 222 464 mne,
239 372 465 448 declamante
479 375 590 475 vulgo
602 376 799 465 rusticano,
817 379 1058 448 mmuosetiam
1074 376 1180 470 urgeri
1196 379 1342 448 vindicis

102 468 187 541 deind
200 493 213 536 .·
228 470 285 544 sod
303 475 342 546 in
361 474 496 547 rabiem
522 471 643 572 postea
668 498 769 546 canes
792 470 890 563 assi,
916 495 1019 572 agros
1037 474 1086 546 ita
1103 470 1342 566 infestarunt,

102 581 226 640 enemo
240 569 326 662 diu,
343 571 411 644 nist
430 593 559 670 magno
578 573 754 643 comitatu
772 572 842 644 iter
856 569 1109 670 aggrederetur
1127 567 1337 664 Caeterirm,

98 658 147 734 seit
160 661 178 734 ὲ
193 665 342 740 Familia
360 667 535 742 Lossensrs
552 666 706 740 Comitis
723 667 864 767 quidam
875 719 887 758 ,
898 670 959 766 qui
977 670 1097 766 paucis
1114 667 1194 765 post
1213 668 1338 744 Certa·

97 779 155 830 men
173 761 285 855 horis,
313 765 380 839 sub
400 767 526 864 primas
543 765 725 856 tenebras,
741 765 867 838 eodem
884 766 967 840 loco
984 765 1121 838 videret
1136 765 1248 838 veluti
1265 767 1339 840 dae·

94 875 212 930 nonum
226 863 423 937 militarem
434 861 690 937 decurfionem.
710 866 788 936 Fuit
802 877 1071 947 torneamentum,
1092 885 1188 955 neque
1201 868 1343 936 immn-
1368 871 1372 880 '

92 951 129 1020 ds
136 953 300 1048 spiritibus
325 977 456 1034 tantam
484 961 623 1056 existimo
644 961 743 1056 futffl
759 963 1009 1050 exultationem,
1028 959 1143 1056 iuquit
1169 957 1341 1034 Caesarius

91 1043 153 1120 Lib.
181 1076 233 1127 12.
261 1081 344 1158 cap.
380 1066 488 1154 16.fi
511 1084 572 1130 non
597 1081 745 1155 magnam
776 1059 844 1129 illst
872 1059 1021 1150 cuprfflnt
1046 1056 1200 1150 praedam.
1226 1059 1342 1132 Porro

91 1165 208 1246 tempus
227 1153 303 1251 ipse
322 1155 497 1229 caesorum
515 1154 702 1252 sanguine,
718 1152 813 1253 quafi
832 1153 979 1227 uredine
1003 1153 1119 1226 neseio
1138 1155 1208 1250 quai
1226 1155 1341 1230 foeda·

89 1257 148 1332 tas,
163 1245 199 1320 dt
216 1255 355 1326 aeternd
364 1253 547 1328 damnatus
558 1252 760 1342 sterilitate,
782 1250 1221 1348 fioeeulturarelinquitur
1232 1279 1239 1326 :
1250 1249 1338 1326 ciam

88 1344 178 1504 quinis
186 1346 469 1452 circumquaque
484 1373 568 1452 ager
585 1347 827 1452 pinguissimus
844 1349 1025 1450 precipuas
1047 1347 1266 1426 fecunditate
1282 1353 1336 1426 vi·

112 1455 169 1512 sur.
724 1495 727 1504 ,

112 1535 200 1612 uam
218 1543 366 1619 nostem
392 1548 501 1648 egdre
527 1543 678 1619 visiores
702 1547 740 1619 in
765 1549 899 1644 eampis
924 1544 1051 1642 quibus
1076 1547 1267 1638 vicerant,
1293 1567 1335 1622 ut

88 1627 180 1721 Placet
198 1641 480 1732 Transmosan05
498 1645 633 1716 malunt
651 1643 709 1714 alii
728 1643 894 1741 quievisse
920 1645 1083 1716 Hannuti
1096 1665 1103 1710 :
1117 1669 1197 1716 nam
1214 1645 1336 1744 Oppi-

81 1723 149 1800 ’(Ῐὶὓὶ
170 1760 268 1836 oppu
346 1743 437 1815 tioni
454 1741 661 1816 sustinendae
679 1743 847 1840 impares,
865 1743 902 1812 in
921 1741 1052 1812 Arcem
1071 1740 1336 1840 confugerant,
1352 1781 1356 1788 ·

87 1843 258 1936 rsaneque,
292 1837 449 1912 ubdusid
459 1839 556 1938 prists
574 1837 715 1938 praedd,
734 1838 835 1909 miles
845 1837 1032 1934 Oppidum
1044 1838 1202 1912 incendit
1213 1871 1225 1924 3
1246 1841 1335 1914 Mu-

85 1939 311 2035 nationemque
328 1939 472 2012 sortiter
487 1936 687 2036 aggressus,
706 1936 805 2008 brevi
830 1935 872 2007 ad
891 1933 1127 2008 redditionem
1144 1936 1333 2035 compulit.

102 2021 315 2133 'Episcopus
332 2033 440 2107 fidem
460 2033 630 2133 accepisse
649 2051 869 2123 contentus,
897 2031 1184 2106 Hannutensrbus
1213 2033 1336 2111 locum

86 2127 183 2195 tenere
200 2131 392 2222 eonceffit,
413 2131 554 2230 postero
576 2131 634 2206 die
654 2131 857 2205 Lovanium
878 2149 1098 2222 tentaturus,
1122 2151 1164 2204 ut
1181 2129 1337 2208 belsica·

85 2231 155 2308 Pus,
172 2247 243 2322 quo
260 2227 417 2320 succiso,
443 2252 574 2303 caetera
600 2226 705 2301 facile
731 2247 950 2302 corruerent.
975 2227 1253 2326 Trepidantibus
1281 2233 1336 2306 in·

86 2304 223 2396 st“idum
242 2327 312 2400 esse
338 2325 523 2418 censebat,
540 2325 761 2424 viderisque
787 2324 959 2400 urendum
980 2359 992 2414 5
1014 2323 1141 2398 contra
1159 2325 1334 2406 Loisenfis
1411 2333 1429 2354 ⁸

86 2399 235 2495 sentiebat
248 2424 496 2522 docebatque,
516 2423 607 2497 male
625 2443 745 2498 tutum
757 2424 893 2496 hostem
904 2423 1220 2523 relinquidtergo3
1240 2426 1332 2498 inta-

83 2496 158 2582 ffim
171 2515 322 2595 Leviam
341 2520 404 2594 fibi
422 2523 543 2594 timori
561 2523 650 2612 else,
669 2521 774 2620 srquis
792 2518 952 2594 adversus
972 2518 1067 2593 cassu
1084 2520 1217 2619 Copias
1234 2543 1333 2596 retro

84 2619 185 2697 ²30¹&
197 2621 416 2710 taute'tiam,
437 2617 608 2692 srnullum
626 2618 820 2694 istiusmodi
856 2616 1028 2692 erieulum
1048 2615 1091 2692 fit
1107 2671 1120 2710 ,
1138 2620 1218 2692 tots
1236 2621 1329 2694 Has-

140 2705 168 2780 ’ἃ
183 2737 341 2816 agroque
357 2715 515 2790 Lossenfi
525 2717 655 2792 malum
673 2717 754 2792 inde
774 2645 871 2816 posse
891 2714 1037 2815 impune
1098 2717 1215 2808 assari,
1243 2722 1329 2792 eum

83 2807 156 2872 1⁰1ae
169 2813 258 2887 vires
268 2816 306 2886 in
325 2813 549 2887 Brabantiam
566 2815 675 2889 essent
694 2813 833 2888 aversae.
858 2815 1028 2888 Probavit
1081 2813 1226 2888 udovici
1243 2839 1332 2894 con·

83 2885 181 2978 filium
207 2909 425 3082 Episcopus,
457 2911 494 2984 &
517 2913 666 2988 Leviam
693 2913 829 3001 duxit,
856 2911 1196 3079 omniaqueflammis
1214 2911 1328 3011 depo·

82 2993 202 3080 wlatus

80 3059 375 3200 fiTrudonettses,
402 3107 587 3205 Levisque
605 3129 691 3178 mox
715 3103 951 3204 expugnati,
977 3105 1078 3178 tanta
1102 3106 1331 3204 eupiditate,

21 3271 22 3298 ἒ
80 3187 126 3260 sel
142 3194 340 3296 incolarum
366 3204 484 3297 odio,
509 3201 640 3302 praedae
668 3203 879 3294 inhiarunt,
902 3221 944 3277 ut
960 3199 1070 3300 ipsam
1094 3227 1236 3276 omnem
1256 3228 1335 3282 ma.

21 3317 22 3368 ;
78 3291 214 3393 teriam,
241 3323 315 3374 tam
342 3301 478 3376 aedibus
501 3301 607 3400 quam
635 3300 922 3392 munitionibus,
951 3298 1156 3399 direptam,
1190 3304 1228 3374 in
1250 3301 1329 3376 usus

21 3397 22 3422 ³
78 3374 142 3462 [Ποῦ
164 3399 428 3498 asportaverint.
469 3399 534 3499 Op
561 3400 620 3472 ido
648 3400 801 3498 denique
824 3399 975 3474 flammis
998 3399 1046 3472 in‘
1063 3400 1196 3472 cineres
1228 3398 1329 3470 reda·

141 3535 153 3581 ’
175 3503 259 3571 cum
279 3498 398 3571 indies
418 3547 430 3587 ‚
457 3517 499 3570 ut
524 3426 598 3570 sgr&
617 3497 691 3588 fit,
719 3497 823 3570 rebus
840 3495 998 3570 secundis
1023 3495 1154 3570 auxilia
1169 3496 1330 3570 conflue·

78 3596 143 3690 ¹5¹st
158 3595 313 3694 undique
330 3595 515 3694 &Copiae
533 3594 643 3670 tertio
665 3592 806 3668 tantiam
833 3593 945 3668 senne
963 3593 1181 3686 erevissent,
1209 3593 1329 3674 Lova·

76 3693 287 3788 ¹1‘luurrursus
308 3715 430 3792 petere
446 3695 612 3790 placuit,
638 3692 695 3766 sed
713 3716 799 3766 ecce
817 3691 989 3765 Hoienses
1013 3693 1142 3790 magns
1166 3692 1329 3795 indigna·

77 3785 158 3882 t{orte
173 3791 332 3865 referunt
354 3789 431 3865 suos
448 3841 461 3882 ,
491 3789 574 3865 dum
595 3793 632 3864 in
650 3789 773 3864 Castra
789 3810 1029 3864 commeatum
1046 3787 1232 3884 deferunt,
1249 3793 1331 3892 spo·

75 3863 159 3986 ¹¹,stes
175 3888 219 3962 ab
230 3887 553 3979 Hannutentibus,
581 3909 641 3962 aut
661 3887 778 3962 caesos.
805 3887 994 3988 Indignam
1014 3937 1027 3978 ,
1046 3885 1083 3960 &
1101 3888 1203 3964 nullo
1221 3890 1331 3964 modo

76 3963 332 4062 stimulandam
351 3989 389 4060 in
405 3983 509 4060 vietis
532 3989 769 4061 temeritatem
789 3983 999 4060 censuerunt
1017 4009 1150 4061 omnes.
1174 3987 1336 4062 Eomo·

74 4068 118 4149 Vit
134 4081 320 4180 Antistes,
352 4083 617 4184 Castellumque
643 4087 759 4186 coepit
784 4108 1003 4186 oppugnare.
1025 4083 1162 4254 {pastam
1190 4081 1336 4164 videris

128 4239 133 4248 .
1093 4204 1116 4256 7-
1242 4253 1243 4260 ,

265 3009 303 3082 ic
317 3007 351 3082 se
367 3009 513 3082 Leodiis
531 3010 789 3106 adjunxerunt,
808 3006 959 3104 Oppido
990 3031 1037 3080 uo
1055 3006 1197 3082 tandem
1214 3009 1330 3109 egres·

27 4618 190 4665 '12.-22..
235 4661 257 4669 ..
359 4647 362 4654 ·
