3350 4690
87 326 214 422 Qrofius.
242 250 420 437 grocesht.
441 325 555 402 'Anno
574 231 711 405 Chrill
727 232 1150 429 lalvilogsllorln‘los.
1168 328 1324 408 Arcadio
1352 327 1523 406 &Probo

87 409 201 546 mgis·
242 430 341 506 Coss.
362 428 513 519 stilico,
530 429 675 503 natione
703 431 933 522 wandalus,
960 431 1126 531 idemque
1157 433 1268 507 Socer
1293 432 1535 530 Imperatoris·

89 501 105 564 ³
128 529 136 564 ⁰·
246 529 436 620 Honorii,
469 525 548 600 filio
574 523 637 601 suo
656 527 838 612 Eucherio
865 527 1031 605 affestans
1050 531 1278 630 Imperium,
1335 548 1433 608 entes
1458 554 1530 630 cof

248 631 317 732 piis
333 622 536 725 viribusque
562 627 802 702 intolerabiles
820 627 1043 721 Alanorum,
1080 629 1314 720 Suevorum,
1378 625 1523 699 andalo·

250 751 351 817 rum,
369 723 668 826 Burgundionum
694 724 792 816 ultro
820 725 858 798 in
882 751 979 800 arma
1002 726 1228 820 sollicitans,
1255 723 1392 800 deterso
1417 721 1526 796 semel

250 825 413 900 Romani
431 825 585 898 nominis
605 833 726 915 metu,
745 819 943 916 suscitavit,
965 823 1003 896 &
1021 827 1164 898 interim
1180 829 1272 928 ripas
1296 824 1421 897 Rheni
1438 847 1527 920 qua-

251 943 386 998 tereac
400 919 535 1022 pulsare
543 923 580 994 in
590 920 724 996 Gallias
740 919 879 1012 voluit,
893 921 1113 1020 speransjlsub
1131 923 1198 996 hac
1220 919 1438 1014 ,necessitatis
1456 921 1530 992 cir·

253 1019 485 1111 cumstantia,
503 1022 584 1119 quia
610 1019 648 1090 &
665 1037 879 1119 extorquere
896 1019 1043 1096 Genero
1061 1021 1256 1120 imperium
1298 1019 1385 1092 osset
1410 1021 1448 1090 in
1479 1016 1531 1091 li-

253 1119 343 1194 lium
361 1171 374 1212 ,
402 1117 440 1192 &
458 1120 594 1192 Gentes
611 1115 769 1192 barbara
787 1137 859 1192 tam
872 1115 985 1192 'sacili
1010 1120 1202 1219 comprimi
1215 1153 1217 1156 ·
1228 1047 1336 1218 qulm
1361 1140 1530 1190 commo·

186 1247 188 1256 ’
251 1220 327 1293 veri
343 1215 523 1301 valerent,
543 1212 600 1286 sed
619 1217 786 1292 excitatae
805 1215 878 1290 illae
895 1227 959 1316 per
976 1217 1213 1310 stiliconem,
1230 1215 1424 1386 multaeque
1441 1237 1527 1288 cum

252 1317 307 1390 his
322 1317 422 1407 aliae,
438 1315 593 1386 Francos
612 1331 825 1411 proterunt,
842 1315 1015 1390 Rhenum
1040 1314 1221 1390 transeunt
1247 1314 1285 1388 dt
1312 1315 1371 1387 Ga
1385 1311 1446 1384 lias
1471 1311 1533 1384 in·.

252 1413 399 1495 vadunt.
427 1412 483 1483 Ita
499 1406 660 1486 Orosius.
680 1409 743 1483 lib.
773 1432 809 1506 7.
842 1435 919 1510 cap.
943 1411 1000 1510 38.
1020 1410 1058 1484 &
1084 1435 1145 1507 40.
1202 1414 1301 1488 Ecce
1329 1410 1376 1484 fic
1394 1409 1480 1482 alios
1506 1408 1530 1482 t

252 1509 626 1599 dislisFrancos,tum
643 1505 916 1582 ultraRhenum
932 1507 1049 1582 adhuc
1064 1509 1284 1600 incolentes,
1303 1507 1461 1607 quosubi
1472 1532 1529 1591 rc,-

252 1605 395 1686 censrtae
413 1604 459 1678 ab
476 1603 609 1681 Orolio
628 1604 870 1706 protrivissent
889 1604 1012 1680 multae
1031 1605 1069 1679 δε
1086 1604 1243 1680 barbarae
1261 1606 1400 1708 prorsus
1426 1606 1532 1680 Gen*

254 1719 339 1799 tes,
366 1705 418 1783 illi
442 1705 575 1804 pariter
598 1703 761 1806 superato
786 1705 921 1778 Rheno
946 1723 1121 1778 venerunt
1154 1704 1198 1778 ad
1224 1703 1387 1780 Gentiles
1411 1701 1489 1776 suos
1515 1755 1530 1796 ,

147 1820 150 1826 '
253 1825 405 1906 totaque
427 1803 647 1878 Francorum
679 1803 790 1878 Gens
814 1802 858 1876 ab
894 1801 1024 1878 eisdem
1052 1803 1251 1878 Saxonibus
1273 1803 1311 1876 &
1327 1802 1445 1876 Thor'
1499 1802 1529 1874 is
1618 1849 1621 1854 ·

254 1911 272 2000 s·
287 1901 492 1978 Wandaliae
521 1923 637 2001 partes
662 1900 676 1990 )
701 1903 910 2003 exagitata,
937 1921 1043 2001 atque
1071 1904 1223 1976 extorris
1251 1899 1370 1992 fasta,
1396 1825 1530 1974 inllldit

249 2001 294 2078 se'
324 2004 362 2074 in
397 2000 638 2074 Taxandriam
670 2001 825 2074 vicinam
852 2025 899 2074 uc
921 2001 1124 2101 Tongriam
1149 2002 1199 2074 cis
1238 1997 1277 2071 δε
1315 2001 1405 2072 citra
1437 1999 1530 2072 Mo·

138 2127 146 2191 j
249 2096 321 2172 sam
350 2099 519 2191 flumen,
546 2095 719 2197 agrosque
754 2099 793 2172 in
827 2026 902 2188 lolo
943 2100 1113 2172 Romano
1150 2097 1260 2198 longe
1290 2094 1432 2196 lateque
1467 2121 1528 2170 va·
1614 2193 1619 2198 Ι

252 2221 338 2278 euos
355 2194 491 2270 insedit.
517 2197 590 2270 Pro
606 2221 724 2288 eo‚ac
744 2195 1061 2290 anteouoannos,
1077 2195 1253 2270 'Arcadius
1279 2193 1317 2268 δε
1341 2195 1530 2269 Honorius

251 2294 427 2394 Augusti,
447 2293 484 2367 le·
508 2318 689 2408 equoque
706 2293 778 2368 lati
796 2295 1033 2373 invitaverant
1050 2315 1187 2370 exteras
1204 2294 1456 2385 Nationes,ut
1480 2314 1528 2365 cx

253 2395 358 2470 variis
375 2318 555 2467 Gentihus
572 2395 661 2466 vani
676 2391 950 2493 Populivellent
966 2394 1066 2468 immi
1096 2417 1171 2468 rare
1188 2394 1226 2466 in
1246 2390 1421 2465 ditionem
1445 2391 1537 2464 R0··

254 2515 415 2580 manaan
434 2489 635 2590 eisdemque
652 2511 756 2566 terrae
766 2491 935 2584 Leticae,
953 2418 1094 2566 Fratre}
1107 2491 1232 2591 lingui
1241 2491 1382 2581 laedich,
1401 2487 1528 2578 idest,

255 2587 423 2682 desertae,
442 2587 584 2662 vastatae
603 2587 642 2662 ὃς
660 2587 828 2680 incultae,
847 2588 1118 2690 assignarentur,
1162 2615 1210 2662 uo
1221 2613 1303 2662 arva
1307 2589 1463 2687 jacentia
1467 2590 1529 2686 ju-

254 2707 423 2763 varentur
440 2686 563 2777 cultu,
582 2687 620 2759 tc
636 2711 732 2760 anna
747 2686 887 2762 delestu
901 2699 914 2761 ἐ
941 2706 1049 2787 atque
1065 2615 1162 2760 istud
1174 2686 1225 2760 est
1243 2685 1341 2786 quod
1371 2687 1410 2758 in
1431 2687 1530 2758 noti-

254 2788 307 2868 tia
323 2783 504 2884 utriusque
522 2783 1010 2884 ImperiilegiturPraefes'tus
1018 2784 1195 2860 Letorum
1213 2784 1428 2860 Lacentium
1444 2807 1530 2882 pro-

257 2906 304 2982 pe
321 2885 503 2983 Tongros.
517 2881 689 2996 Expulsrs
712 2885 751 2955 in
776 2885 873 2958 hunc
895 2884 1044 2960 modum
1071 2885 1214 2962 Francis
1241 2907 1286 2957 ex
1313 2881 1528 2974 Germania,

256 2982 564 3062 trans-Rhenana
589 2981 665 3056 rllic
689 2981 838 3056 Francia
864 2982 930 3056 eise
948 2982 1052 3060 desiit
1070 3033 1083 3076 ,
1102 2986 1151 3057 mi
1180 2983 1340 3093 ravitque
1366 2981 1437 3052 hoc
1463 3003 1530 3052 no·

186 3157 187 3162 ,
255 3103 340 3152 men
361 3081 399 3152 in
415 3075 708 3154 Cis-Rhenanam
727 3079 951 3179 Tongriam‚
971 3081 1032 3156 sub
1051 3107 1120 3180 qua
1178 3078 1316 3152 asbania
1331 3075 1368 3148 &
1387 3075 1540 3163 Lolliae

256 3176 483 3278 maximeque
501 3175 612 3252 fixere
628 3177 743 3252 sedern
761 3179 855 3250 inter·
871 3179 996 3272 Diest,
1014 3179 1156 3270 Halcn,
1167 3171 1531 3248 Wistherck&Has·

255 3271 459 3376 selt,atque
482 3301 574 3348 anno
592 3284 667 3371 406
678 3273 891 3366 ,dcineunte
906 3299 982 3373 407
996 3277 1147 3369 ,Franci
1167 3294 1261 3348 trans
1269 3273 1441 3348 Rhenum
1463 3273 1531 3346 else

255 3369 432 3470 desierunt
442 3405 457 3463 ς
477 3395 584 3473 atque
604 3371 732 3448 abinde
749 3373 988 3473 Tongrorum
1005 3375 1130 3474 Regio
1157 3371 1187 3446 F
1188 3373 1329 3446 rancica
1345 3371 1533 3446 Gallicana

254 3487 378 3565 coepta
395 3472 575 3574 appellari.
602 3469 699 3568 (ζῆτε
719 3467 745 3544 fi
761 3472 839 3571 quis
856 3470 1078 3566 accuratius,
1097 3496 1181 3546 cum
1209 3473 1328 3546 animo
1358 3468 1420 3543 suo
1430 3467 1530 3542 nullo

253 3567 466 3740 praejudicio
468 3571 964 3744 praeoccqpato,expendere
972 3571 1083 3666 velit,
1094 3571 1184 3645 nihil
1194 3591 1318 3646 metuo
1337 3569 1424 3665 quin
1431 3565 1532 3665 pedi·

279 3688 319 3738 us
335 3681 449 3735 iturus
482 3686 512 3736 rt
528 3672 566 3742 in
581 3696 628 3744 no
662 3693 736 3742 ram
753 3665 962 3748 sententiam
983 3699 991 3744 :
1018 3693 1134 3770 neque
1150 3669 1195 3741 de
1214 3667 1328 3740 nihilo
1347 3664 1414 3737 esse
1433 3663 1532 3763 quod

250 3757 448 3935 qraescripsi
470 3759 555 3834 huic
574 3769 705 3866 capiti,
726 3768 796 3866 qui
812 3765 1094 3842 scilicetratione
1103 3766 1232 3840 Franci
1240 3763 1328 3835 olim
1339 3763 1376 3834 in
1385 3761 1532 3836 Taxan·

277 3862 364 3935 riam
384 3857 670 3958 Hasbaniamque
689 3865 933 3967 migraverint.
970 3861 1042 3936 Cui
1069 3884 1189 3938 tamen
1216 3863 1296 3936 haec
1326 3859 1444 3934 nostra
1468 3885 1537 3934 cx·
1617 3889 1623 3910 ·

251 3979 375 4059 cerpta
409 3956 527 4044 minin
562 3955 773 4046 sufficiunt3
801 3958 924 4036 auctor
942 3960 1005 4040 ,illi
1031 3957 1094 4036 iim
1118 3957 1217 4052 ,uti
1247 3957 1380 4033 Natale
1406 3957 1534 4036 Solum

251 4055 395 4160 Legum
416 4054 640 4158 salicorum,
657 4057 695 4136 δι
722 4057 900 4172 signanter
923 4082 1002 4164 cap.
1020 4085 1072 4138 ru.
1090 4053 1278 4140 doenum
1297 4055 1539 4162 Wendelini,
