3298 4690
373 271 849 368 L0.S.SEN,SIS.
900 275 976 348 Lib.
1003 273 1078 348 VI.
1282 285 1354 368 162

88 372 171 443 tenes
184 397 254 445 cum
261 373 346 467 filia
360 374 467 448 Ducis
483 392 643 470 acceperat
661 379 696 446 in
715 375 857 448 Feudum
868 375 912 464 ,b
929 373 1022 444 Duce
1037 371 1176 462 tenebit,
1196 369 1239 454 ὅ
1257 375 1351 470 liguis

84 467 152 540 banc
166 470 245 564 ficus
270 478 338 544 erit
357 499 370 543 .·
388 488 497 544 cantra
522 497 622 546 omncs
647 475 817 563 homines,
842 487 963 564 excepta
982 467 1130 563 Episcopo
1156 471 1349 565 Leudienst5

85 565 214 644 &atam
228 587 346 643 cantra
369 569 549 666 Episcopum
556 571 694 665 juvabit
719 575 828 644 Cautes
844 571 971 642 Ducem
988 617 1002 658 ,
1020 571 1054 660 fi
1070 565 1238 664 Episcopus
1250 593 1349 665 guer-

66 685 136 740 ,ram
148 689 270 739 movere
288 672 433 741 valuerit
447 668 572 760 preſsea
589 674 754 742 vuluntate
770 667 893 762 injusti.
907 669 991 740 Itcm
1000 665 1229 761 Duxpraefiget
1241 671 1349 740 Comi·

82 763 103 828 tt
113 761 144 830 le
158 765 220 836 bts
235 767 325 838 diem
344 765 393 840 ad
406 787 496 858 quem
514 770 622 844 Comes
644 767 861 838 indubitanter
877 767 1005 854 veniet,
1025 762 1067 842 δέ
1088 763 1172 834 Dux
1194 764 1231 834 de
1253 767 1348 838 Lim·

81 853 205 954 &ungui
218 867 388 936 vuluerit:
397 861 460 957 fid
473 865 626 959 quidquid
640 869 670 938 ei
679 861 912 960 sententiatum
920 861 1029 957 fuerit
1048 857 1253 956 velfatium,
1259 883 1358 956 prae··

81 953 147 1026 lttta
161 959 239 1032 buna
258 964 382 1034 tenebit
401 965 546 1034 Comaru
565 963 679 1052 Duce,
698 961 740 1041 &
753 977 883 1054 propter
898 960 954 1032 buc
971 959 1008 1030 dc
1027 959 1141 1030 Aledio
1149 958 1233 1054 fico,
1268 961 1353 1056 qued

80 1050 205 1128 luceam
231 1063 329 1132 velet
345 1079 472 1132 nmrcas
487 1065 678 1150 annuatim,
697 1063 806 1132 Comes
822 1057 987 1154 afflgnabit
1005 1057 1119 1146 Duci,
1151 1057 1193 1138 (θ
1214 1061 1236 1130 i
1254 1057 1349 1133 Duce

80 1153 176 1223 tenebit
237 1183 264 1227 c.
412 1175 415 1182 “

119 1155 235 1340 Quo?
250 1249 377 1328 Caesar
392 1274 471 1328 tum
489 1251 510 1328 i
527 1253 675 1328 Comite
699 1247 888 1344 Loffenst,
914 1265 957 1326 ut
983 1248 1140 1348 superius
1161 1249 1346 1328 adnotavi·
1432 1239 1449 1250 '⁵

82 1349 388 1449 mus,ijettum
407 1353 618 1444 redemerit,
635 1351 885 1450 Brabantoque
903 1349 942 1422 in
956 1349 987 1422 F
987 1346 1119 1424 eudum
1138 1351 1346 1458 contulerit,

82 1437 176 1538 liquet
192 1472 237 1520 ex
259 1451 337 1522 hoc
355 1449 586 1548 Diplomate:

94 1617 97 1624 ,
128 1545 312 1620 Frelericus
330 1548 401 1620 Dei
414 1549 527 1644 gratil
543 1551 760 1624 Romanarum
780 1547 854 1620 Rex
863 1541 989 1642 semper
1005 1543 1188 1642 Augustus,
1214 1545 1257 1630 ὅ
1274 1547 1349 1620 Rea

85 1634 192 1713 Sicilie.
219 1649 392 1740 Universts
407 1645 488 1718 hanc
497 1655 649 1742 pagenam
666 1645 846 1742 inspctburis
863 1661 971 1732 notum
977 1645 1057 1737 fieri
1071 1647 1216 1717 volumus
1233 1695 1247 1737 ,
1265 1647 1352 1740 quid

84 1733 201 1822 Hemesa
210 1743 654 1839 DuciLatbaringiae‚fidcli
668 1745 816 1836 Principi
839 1741 959 1836 nestro,
972 1743 1014 1823 &
1031 1744 1169 1814 Henricu
1184 1743 1251 1838 ejus
1257 1741 1347 1834 filia,

81 1847 126 1918 ist
140 1838 287 1935 obsequiis
304 1845 391 1914 nubis
409 1841 451 1920 [ui
473 1844 608 1936 Imperia
626 1847 787 1936 impensts,
806 1837 947 1934 consenstc
956 1841 1143 1934 Principum
1151 1841 1345 1934 nostrarum,

86 1926 159 2006 &in
168 1939 343 2032 presentia
361 1963 486 2029 earum,
506 1943 689 2011 contulimus
705 1945 741 2010 in
756 1937 897 2012 Feudum
914 1934 1093 2033 Trajeitum
1109 1961 1179 2010 cum
1196 1941 1285 2012 villis
1303 1937 1346 2019 &

84 2027 157 2100 rebus
171 2039 314 2110 omnibus
330 2033 570 2130 ultrajectum
584 2039 814 2126 attinentibus,
832 2036 874 2116 &i
893 2058 964 2108 cum
980 2038 1055 2108 aliis
1075 2035 1189 2108 Feudis
1197 2035 1291 2132 fleis,
1308 2055 1346 2109 ut

85 2119 129 2194 ὄπ
141 2135 245 2206 amodt
262 2136 306 2206 ab
324 2137 458 2227 Imperia
473 2151 600 2206 teneant
612 2138 694 2228 puri
710 2137 752 2218 &
760 2137 892 2229 stnceri.
917 2135 966 2204 Et
986 2133 1096 2204 utinec
1115 2133 1344 2231 nostrarunces·

81 2221 119 2307 fil
133 2231 298 2420 rityaita
307 2281 320 2322 ,
329 2231 513 2326 inconuulstc
522 2233 564 2314 &
582 2232 849 2330 irrefragabiliter
863 2229 1062 2326 conservetur
1077 2231 1181 2322 ,hanc
1197 2233 1345 2306 chartam

87 2320 180 2394 eiscen
193 2333 273 2402 cribi
288 2331 331 2411 &
339 2332 441 2426 figilli
456 2330 552 2423 nostri
575 2335 759 2425 appnfitiune
776 2331 913 2425 fecimus
942 2331 1095 2402 roborari.
1124 2329 1344 2424 Interfucrunt
1473 2363 1478 2371 ·

87 2410 145 2500 buia
151 2421 241 2514 facio
246 2428 360 2521 fideles
377 2429 539 2520 Principes
546 2429 642 2522 nostri
651 2425 686 2500 T
680 2429 855 2509 baudericus
865 2431 897 2498 T
891 2431 1057 2522 revirensts
1065 2427 1341 2520 Archieprscopus,

88 2512 250 2597 Comardus
267 2525 424 2619 Metensts
439 2526 481 2606 ὁὶ
499 2527 663 2622 Spirienfis
681 2525 848 2622 Eprscopus
858 2573 871 2615 ,
881 2525 923 2606 &
942 2527 1121 2618 Imperialis
1138 2528 1234 2598 Aula
1252 2529 1341 2598 Can·

88 2612 233 2711 cellerius,
251 2623 424 2716 leopoldus
441 2625 527 2694 Dux
544 2625 707 2717 Austriae,
731 2625 812 2698 Otto
829 2624 914 2697 Dux
931 2623 1098 2696 Manavia
1120 2673 1133 2716 ,
1157 2625 1343 2708 Bernartius
1463 2657 1467 2666 ⁴
1541 2589 1544 2596 ι

88 2703 157 2781 Dur
173 2721 383 2812 Carintbiae,
404 2723 556 2794 Albertus
574 2725 683 2796 Comes
707 2725 745 2796 dc
761 2721 931 2816 Everstein
941 2754 955 2810 3
966 2723 1194 2818 Ministeriules
1219 2723 1335 2818 nostri,

90 2801 136 2872 W
129 2832 246 2891 emerus
263 2820 301 2890 dc
318 2819 481 2892 Bolandia
498 2820 641 2916 Dapifer
660 2823 783 2916 noster,
799 2819 996 2894 Waltherus-
1007 2823 1173 2893 Pincerna'
1189 2823 1341 2911 ,Heari-

89 2910 418 2990 carlemannum
435 2943 517 2989 anne
525 2920 758 2994 Incarnationis
772 2919 979 2992 MCCXIV.
989 2917 1120 2988 Datum
1136 2919 1225 3010 apul
1238 2923 1340 2994 Wur·

83 2991 133 3084 sile
146 3029 179 3101 4.
196 3016 311 3091 Nonas
328 3017 530 3110 Septembris.

129 3099 172 3178 Et
187 3110 348 3208 quimvis
363 3113 434 3186 hoc
479 3110 600 3186 raecise
616 3135 709 3184 anno
727 3133 802 3184 non
818 3105 886 3183 fint
902 3107 1090 3184 celebratae
1109 3113 1275 3211 nuptias
1296 3113 1340 3188 is·

90 3196 142 3270 md
156 3223 269 3285 tamen
287 3213 391 3286 nimis
401 3237 510 3310 quarn
530 3217 617 3306 (tam
635 3233 681 3282 ex
689 3207 842 3284 Tabulis
858 3207 902 3282 ad
911 3207 1157 3292 fundationem
1171 3209 1339 3284 Herken-

89 3294 234 3381 f⁰danam
252 3307 458 3410 produptis,
477 3305 584 3408 quim
604 3333 690 3382 mox
717 3305 947 3397 exhibendis)
967 3303 1109 3395 clareii
1135 3307 1352 3410 uet,Aley-¹

92 3383 157 3467 dem
171 3402 317 3480 Henriei
343 3407 544 3482 Brabantiae
563 3407 676 3482 Ducis
702 3407 812 3484 filiam
832 3406 981 3508 nupssffe
998 3458 1011 3500 ‚
1029 3431 1102 3480 non
1155 3405 1312 3482 udovico
1327 3459 1353 3500 ,.

90 3480 137 3562 sed
150 3494 487 3599 Amutfotossenfi,
500 3505 609 3607 hujus
626 3531 671 3580 ue
687 3507 787 3582 fuiffe
806 3511 1020 3607 conjugem,
1031 3501 1273 3605 ijettentes
1289 3503 1339 3580 fic

92 3580 231 3694 h²brut,
255 3603 396 3704 quando
413 3603 557 3678 demum
576 3531 638 3678 sub
655 3605 812 3704 Imperio
828 3625 948 3679 tamen
964 3601 1048 3678 fatti
1064 3601 1243 3699 funtJuris
1252 3603 1339 3710 Bra·
1461 3708 1463 3716 y

91 3675 224 3792 bantiei,
240 3703 338 3803 quod
365 3701 468 3778 antei
487 3701 686 3803 Episcopus
703 3728 786 3777 cum
805 3701 953 3776 Comite
969 3699 1129 3779 Loss'enfi
1146 3727 1338 3805 commuue
1457 3751 1461 3758 ·

86 3773 242 3907 bleba,
257 3803 477 3903 retinuitque
495 3804 602 3878 etiam
622 3827 706 3876 cum
723 3800 915 3879 Brabanto.

667 3993 989 4158 Q*
