3358 4690
379 271 870 353 nossem-Is
903 275 979 352 Lib.
1014 277 1116 356 VII.
1298 302 1368 376 179
1451 254 1453 258 ’

101 569 105 577 .
577 475 737 550 ludovici
752 471 886 570 sorores.

79 671 395 856 CHristoforus
424 670 588 746 Butitens
603 673 641 746 in
658 667 923 772 Trophaeissol.
936 695 1020 746 210.
1039 670 1183 765 scribit,
1202 609 1375 748 Gerardo·
1500 667 1505 676 '

143 774 340 846 Ludovici
363 773 469 870 patri
486 769 585 844 fuisse
595 769 704 844 filiam
716 773 909 862 lmainam,
929 795 1077 845 uxorem
1096 771 1295 844 Guilhelmi
1312 771 1362 844 se·

76 869 186 962 ulons,
205 870 437 944 Casteliani
454 871 488 942 S.
509 868 887 959 Andomari,Domini
905 868 954 940 de
967 867 1256 967 Fauquenberge.
1276 871 1366 940 Mo·

74 959 274 1042 numentum
295 965 646 1042 Herkentodanum
670 965 751 1038 alias
768 985 921 1064 quatuor
939 966 1107 1054 exhibet,
1130 989 1277 1062 quarum
1299 989 1365 1038 nos

75 1057 153 1162 nina
169 1099 182 1151 ς
201 1065 473 1156 Mechtiidis,
492 1065 594 1138 Anna
615 1115 628 1158 ‚
648 1065 808 1156 Joanna,
823 1061 982 1156 Jolendis
1004 1087 1011 1132 :
1032 1085 1138 1163 atque
1165 1065 1224 1134 uni
1245 1088 1289 1136 ex
1309 1063 1365 1138 his

75 1181 212 1268 quatuor
242 1163 464 1237 infaustum
482 1158 744 1262 sanguineisque
761 1162 923 1258 lacrymis
941 1160 1196 1260 deplorandum
1224 1186 1362 1235 connu-

76 1253 159 1331 bium
194 1286 292 1336 cum
338 1259 705 1354 ComiteJuliaeenst
734 1259 879 1360 obtigit.
916 1261 1068 1334 Annales
1099 1259 1311 1354 Juliacenses
1340 1261 1360 1336 ai

77 1347 283 1432 Wernhero
306 1357 696 1433 Teffeken-Mtecker
720 1357 833 1450 editi,
850 1355 1021 1433 Caesarius
1039 1355 1358 1452 Hcisterbaceniis,

48 1485 54 1498 ·
77 1448 188 1528 Petrus
204 1457 228 1530 ὲ
244 1455 466 1557 Steyhaien
479 1506 499 1546 ,
519 1455 648 1554 aliique
666 1454 838 1530 testantur
854 1457 1081 1556 Scriptores,
1107 1455 1358 1534 Guilhelmum

78 1544 168 1644 buius
187 1559 373 1628 nominis
392 1574 586 1652 quatenu,
597 1555 634 1626 in
652 1553 778 1625 ordine
798 1553 884 1626 verb
901 1580 1035 1630 nonum
1054 1555 1235 1630 Comitem
1249 1555 1357 1649 Juliae

83 1639 139 1718 five
152 1651 298 1742 Jtriiaci
311 1705 330 1744 ,
351 1648 628 1726 Loisenfi'suisse‘
641 1649 1085 1750 jundtummatrimonio,
1111 1677 1217 1754 atque
1236 1681 1279 1728 ex
1299 1657 1358 1729 illa

84 1750 228 1838 genuisse
248 1749 505 1825 Guiilelmum
524 1747 663 1822 Usuum
683 1747 911 1822 successorem
931 1749 969 1822 dc
989 1751 1246 1828 Waietamum.
1274 1755 1359 1830 solt

84 1839 183 2005 {fitur
201 1873 396 1932 annorum
412 1846 662 1944 supputatione
678 1849 877 1937 evincitur,
895 1847 987 1922 hanc
1005 1847 1207 1926 Loisensem
1228 1855 1358 1931 Gerar·

99 1961 115 2040 '1
127 1938 231 2016 suiss'e
251 1947 374 2020 filiam
395 1996 409 2036 ,
433 1943 588 2016 sororem
605 1943 814 2018 Ludovici·:
832 1947 931 2018 venit
949 1947 1043 2020 enim
1060 1948 1173 2024 dictus
1191 1953 1366 2029 Grinnes--

89 2055 177 2131 mus,
193 2045 297 2118 teste
316 2043 472 2116 Caesario
491 2040 552 2114 lib.·
575 2065 630 2114 12.
651 2043 889 2142 Dialogomm
907 2067 984 2143 cap:
1013 2047 1262 2147 5·,aiiquando
1282 2052 1358 2130 Co-

78 2127 239 2234 'inuiam,
263 2141 356 2216 citm
377 2141 413 2214 S.
440 2139 697 2239 Engelbertus,
716 2137 837 2240 posted
853 2142 1028 2262 M‘attyr,
1051 2144 1166 2220 adhuc
1183 2151 1359 2251 Praepofi-

94 2247 161 2304 tum
177 2237 340 2314 summae
357 2237 462 2312 AEdis
480 2258 629 2408 afferet,
658 2239 694 2310 id
713 2239 764 2312 est
781 2237 991 2332 tardissime,
1013 2267 1105 2324 anno
1129 2268 1219 2346 1213
1246 2277 1254 2322 :
1274 2277 1356 2330 nam

93 2349 173 2430 enno
189 2335 367 2438 sequenti.
378 2335 487 2408 Theo
513 2338 614 2408 orico
633 2335 765 2410 Archie
791 2335 1354 2436 iscopo·mortuo,succeffitEn·

99 2427 297 2526 edbertus,
311 2435 433 2534 ibique
442 2431 545 2507 nodie
557 2434 766 2508 Nativitatis
813 2437 1096 2530 ominicae,ci1m
1114 2441 1227 2516 Sacris
1245 2447 1356 2520 inter·
1409 2497 1413 2506 -

96 2523 169 2626 {sset
186 2582 199 2621 ,
217 2533 287 2608 sub
306 2532 454 2605 Canone
474 2531 594 2605 Missae
607 2531 740 2606 audivit
757 2530 987 2608 suavissimam
1006 2537 1259 2639 coelestemque
1274 2542 1354 2620 har·
1472 2587 1474 2594 ·

101 2629 258 2704 moniam·
269 2649 556 2729 concentumque
564 2630 765 2742 angelicum
775 2682 788 2724 ,
798 2655 870 2730 quo
890 2655 955 2706 nec
972 2631 1084 2732 ipstnn
1100 2635 1199 2711 suum
1214 2639 1353 2717 'servum

102 2715 474 2824 Engeibertum·Deus
488 2747 565 2800 tum
584 2727 747 2830 dignatus
764 2729 815 2803 est
830 2779 843 2822 ,
861 2733 1029 2832 tantisque
1046 2733 1177 2815 Comes
1196 2739 1354 2835 perfusus

104 2811 163 2928 fuit
181 2825 403 2916 dulcedine,
429 2843 470 2899 ut
488 2825 621 2900 Abbati
647 2827 795 2902 Ordinis
821 2829 1060 2904 &isterciensis
1078 2831 1200 2932 posted
1214 2839 1352 2932 juratus

104 2910 246 3017 itxerit,
265 2923 299 2998 se
316 2923 421 2998 facile*
439 2925 559 2997 omnia
576 2926 680 3022 hujus
698 2923 820 2996 mundi
883 2925 966 2998 udia
983 2929 1065 3000 cum'
1080 2951 1177 3004 tanta
1185 2931 1352 3011 suavitate

105 3033 386 3107 perurutaturum.
396 3021 553 3096 Volebat
569 3022 772 3118 nempehac
783 3043 846 3092 coe
862 3021 924 3093 esti
941 3022 1352 3106 visrtationerdivina'bo-

103 3113 180 3212 ditas
198 3117 504 3221 flagitiosissimum
524 3120 709 3192 hominem
731 3116 930 3212 monitum,
946 3139 987 3192 ut
1005 3120 1174 3202 abdicatis
1191 3135 1351 3228 corporis

107 3212 505 3318 voluptatibus,rerum
521 3214 718 3290 coelestium
739 3213 1159 3297 dulcedini-incumberet
1177 3228 1351 3302 animum-

107 3327 164 3404 que
181 3335 347 3390 avocaret
363 3315 407 3389 ab
416 3316 582 3389 extremis
600 3313 810 3408 adintema,
822 3311 994 3391 icaducis
1012 3319 1350 3416 ad‘coeiestia,defi·

107 3416 261 3514 ¹fieretque
279 3414 421 3490 tandem
439 3411 473 3485 se
489 3410 666 3486 oblectare
674 3415 799 3584 lpoenis
823 3417 1091 3510 innocentium,
1109 3419 1350 3520 ferociamque
1394 3467 1421 3499 ι

107 3499 282 3606 belluinam
299 3517 418 3586 animo
436 3529 581 3584 exueret
601 3539 610 3584 ε
629 3537 672 3584 ne
688 3515 745 3585 cio
763 3515 858 3588 enim
876 3515 1067 3612 quomodo·
1084 3515 1269 3618 insigniter
1285 3523 1350 3609 fla·

109 3607 215 3707 gitiosr
236 3613 342 3686 etiam
360 3607 532 3710 ipsrs'feris
549 3609 699 3684 evadant
716 3611 951 3704 cmdeiiotes,
962 3613 1046 3686 dum
1065 3638 1109 3686 ex
1128 3639 1360 3720 quacumque·

105 3721 154 3798 re,
168 3705 637 3783 etiaminnocentiumludtu
657 3706 694 3780 δί
710 3707 913 3802 doloribus,
933 3711 1157 3810 voluptatem
1174 3739 1350 3815 quaerunt.

109 3795 164 3879 Sed
181 3806 310 3881 frustra
326 3806 396 3881 fuit
414 3804 478 3878 isia
501 3805 656 3880 coelestis
680 3806 877 3883 admonitio
898 3836 907 3881 :
926 3834 1006 3882 nam
1022 3809 1066 3884 ad
1085 3813 1248 3910 pristinas
1259 3843 1362 3895 mox.

107 3893 273 3980 ioeditates
290 3905 395 3979 rediit
411 3956 426 3998 ,
441 3902 480 3978 δι
496 3903 637 3978 meritis
653 3903 823 3980 Caesarius
839 3905 941 3980 illum
960 3931 1043 3982 cum
1062 3911 1252 3988 Maxentio
1268 3907 1359 4018 'sy-w

109 4007 204 4108 {anno
230 4003 422 4096 conferat,
442 4023 612 4116 paretque
631 4010 737 4100 (cum
753 4003 878 4078 eodem
900 4004 1029 4084 scribat
1044 4005 1209 4086 sustinete
1227 4037 1366 4110 poenas·
1461 4071 1465 4080 .

109 4118 141 4168 aa
154 4097 309 4193 inferno)
322 4101 485 4200 potentii
502 4101 774 4200 ,quideminvita
791 4099 994 4180 inseriorem
1004 4105 1085 4203 ,sed
1100 4109 1360 4207 perversissimis

131 4269 143 4318 s
1109 4207 1199 4282 Za‘
