3300 4728
253 212 325 294 268
468 245 470 252 ’
659 209 1070 303 HISTORIA
1198 237 1207 246 ’·
1318 279 1332 302 .,

250 336 385 412 copum
413 307 622 408 summisque
647 309 807 386 ursrslent
851 312 988 386 recibus
1004 363 1018 405 ,
1037 337 1082 388 ne
1099 315 1185 412 ,jura
1200 314 1373 394 Ecclesiae
1394 316 1557 405 immi-1³
1578 403 1581 408 ¹

251 417 314 488 nui
332 463 345 506 ,
362 428 567 508 tantamque
593 407 635 482 ad
653 411 790 482 Mensae
845 411 1027 510 piscopalis
1050 411 1280 490 accessionem
1306 417 1327 498 ὲ
1356 421 1556 510 manibrmj'

248 511 342 590 elabi
367 507 453 582 finat
472 541 484 594 5
511 505 670 580 scribunt
688 507 731 580 ad
750 509 936 580 Decanum
954 507 1053 580 suum
1071 511 1324 588 Berthrardum
1345 515 1532 609 Caudina,-¹

248 609 320 683 le'm
331 659 343 701 ,
356 605 513 704 ‘aliosque
529 607 567 678 in
583 605 674 678 Aula
692 603 875 703 praesentes
893 603 1102 698 Pontificio,
1144 631 1193 680 uo
1203 611 1401 712 Episcopus
1409 610 1522 714 coga-

252 727 313 782 tur
329 729 424 779 arma
439 705 638 802 corripere,
657 701 952 799 Comitaturnque
970 631 1309 790 assererellcclefiae.
1337 713 1442 784 Paret
1457 700 1525 788 ille'

250 803 323 878 ins
386 805 454 876 iem
472 803 623 900 imperio
643 797 768 872 summi
787 798 996 892 Pontificis,
1016 802 1238 902 militemque
1252 806 1416 908 colligit,
1435 829 1524 906 qua·

223 827 526 980 'fiddlnitatum
557 899 662 970 armis
694 895 924 984 subadluruss
951 895 1009 970 sed
1034 897 1155 972 revera
1182 922 1224 977 ut
1250 904 1522 982 canonicorum

188 1006 193 1014 '
249 999 383 1074 srsteret
404 1021 594 1072 murmura.
628 996 666 1068 T
669 994 865 1072 heodorrco
892 1019 958 1067 nec
981 997 1073 1068 vires
1097 1021 1164 1070 nec
1190 1002 1327 1076 artimus
1345 1002 1523 1095 deerunt,
1546 1024 1559 1038 ⁴

196 1143 198 1150 ·
247 1097 471 1198 speslareque
496 1093 682 1168 videbatur
710 1097 760 1165 rei
778 1096 894 1166 exitus
912 1091 955 1164 ad
984 1117 1172 1194 pugnarn,
1196 1097 1261 1172 nisr
1282 1099 1525 1176 intercessisset
1556 1115 1567 1174 “.

248 1195 455 1294 Reynaldus
475 1196 562 1268 Dux
581 1191 740 1282 Gelriae,
768 1191 1051 1290 impetrassetque
1070 1191 1113 1264 ab
1132 1201 1281 1294 utra'que
1297 1215 1398 1295 parte
1415 1197 1522 1280 indu·
1552 1193 1561 1203 ’

250 1295 321 1366 cias
339 1327 351 1382 ς
371 1313 634 1388 convetumque
652 1293 689 1362 in
707 1291 767 1362 has
784 1289 1008 1382 conditiones
1029 1319 1036 1364 :
1059 1291 1225 1386 Episcopus
1243 1297 1439 1368 comitatum
1455 1297 1524 1372 ad·

247 1408 369 1476 cautas
396 1395 553 1462 retiuuuta
572 1421 584 1474 ς
611 1385 825 1482 Magistratus
843 1388 1035 1480 Oppidauum
1053 1439 1066 1482 ,
1095 1395 1231 1463 Arrium
1255 1389 1411 1487 Prefebli
1423 1411 1519 1470 cute·

248 1495 336 1584 rique
355 1487 514 1577 Officiales
531 1492 565 1557 iu
582 1488 696 1558 muniis
713 1483 783 1579 fiais
800 1485 1052 1579 perseverante,
1077 1489 1169 1560 danea
1192 1493 1345 1562 leitimus
1369 1488 1521 1566 decuerit

250 1589 492 1678 controverstam
508 1583 629 1678 Judeu.
655 1583 761 1657 Hanc
789 1579 1056 1656 transadlionem
1085 1513 1293 1682 Capitulum
1321 1603 1433 1662 ratam
1457 1589 1522 1663 ha·
1554 1586 1559 1596 “

250 1682 335 1758 bere
354 1683 492 1774 noluit,
511 1678 596 1756 curn
616 1677 724 1778 longe
744 1677 841 1754 secus
859 1701 964 1779 atque
977 1702 1195 1759 conventum
1214 1683 1328 1758 fuerat
1352 1687 1524 1762 eveniret.
1555 1701 1562 1716 “

304 1778 487 1856 officiales
505 1803 655 1877 namque
674 1781 710 1850 in
730 1778 1008 1878 Heinsbergium
1027 1778 1135 1878 qualm
1152 1780 1355 1854 Canonicos
1367 1807 1522 1881 propen·

255 1875 390 1970 fiores,
416 1876 659 1952 detreslabant
684 1899 805 1974 parere
828 1876 959 1968 Joanni
985 1877 1030 1948 de
1055 1875 1204 1950 Landris
1231 1879 1385 1978 Eqmti,
1414 1903 1522 1979 quem

254 1974 453 2073 Episcopus
462 1974 662 2054 Comitatui
672 1972 900 2070 praefecerat‚
912 1969 1052 2072 suasque
1060 1974 1329 2050 demandaverat
1338 1978 1433 2052 vices
1444 1981 1525 2064 ;·vi·
1554 1977 1561 1988 '

252 2073 326 2146 cini
338 2095 480 2168 quoque
489 2073 671 2166 Principes
687 2065 832 2142 occulte
849 2070 1093 2171 Heinsbergio
1105 2069 1292 2164 favebant,
1308 2073 1522 2173 ejusquead·
1552 2075 1561 2084 “

254 2167 414 2241 'utabant
457 2187 557 2240 artes.
579 2169 724 2240 Mature
734 2166 1034 2264 itaqueperpenso
1045 2169 1143 2266 quod
1159 2170 1367 2245 imminebat
1376 2175 1517 2270 pericu·
1550 2173 1557 2183 '

267 2277 317 2358 o,'
334 2263 412 2338 fiad
420 2193 521 2338 dares
532 2261 725 2354 Ecclefiae,
736 2264 923 2336 maximam
935 2265 972 2336 in
980 2286 1117 2364 partem
1127 2265 1328 2359 saeculares,
1347 2269 1406 2342 vel
1417 2273 1523 2344 etiam

251 2364 399 2462 Imperii
417 2364 608 2453 Procerus,
624 2361 833 2440 devolvatur
847 2361 1262 2456 controverfiaedecisro,
1282 2363 1522 2442 nefortdcaru
1550 2363 1557 2372 ’

251 2463 299 2538 sa
314 2459 441 2534 cadant
464 2459 639 2534 Canonici
655 2507 669 2550 ,
686 2456 886 2532 clanculum
915 2457 1085 2573 oblegant
1102 2459 1284 2535 Nuntium
1302 2463 1524 2542 Avenionern

179 2589 184 2598 ¹
251 2557 296 2636 ad
312 2561 418 2656 Papae
436 2557 614 2648 Curiam,
642 2559 702 2653 qui
721 2555 764 2628 ab
781 2555 856 2724 ipso
879 2579 1124 2630 avocatronem
1151 2557 1222 2632 litis
1247 2562 1426 2659 impetret.
1453 2563 1522 2641 Illo

278 2655 470 2756 erbenigne‘
490 2652 718 2728 faBenedidlo
737 2651 794 2724 Xl
819 2653 990 2745 audito,
1017 2653 1112 2727 &ad
1129 2655 1304 2753 postulata
1322 2681 1518 2754 annuente,

290 2755 502 2826 heodoricus
522 2751 631 2824 solitis
650 2748 842 2824 intervallis
859 2752 991 2824 citatur
1011 2753 1257 2846 Avenionem‚
1275 2774 1317 2828 ut
1333 2780 1396 2854 per
1415 2756 1450 2831 se
1466 2759 1523 2832 vel

248 2849 523 2926 Procuratorem
551 2867 765 2948 compareat.
793 2845 865 2920 Cui
894 2847 1030 2922 Curiali
1059 2849 1235 2923 Mandato
1254 2851 1343 2934 adel>
1369 2877 1443 2928 non
1462 2881 1524 2954 pa·-

247 2951 344 3040 ruit,
364 2968 405 3022 ut
424 2950 510 3022 totis
526 2949 632 3020 etiam
650 2946 874 3019 obniteretur
888 2945 1023 3020 viribus
1041 2997 1054 3037 ‚
1072 2946 1218 3022 afferens
1236 2946 1270 3022 se
1289 2951 1328 3022 in
1343 2969 1523 3050 tempora·

246 3044 340 3122 libus
357 3097 371 3138 ‚
391 3069 465 3118 non
482 3043 698 3136 Pontificis,
720 3041 777 3116 sed
796 3041 940 3115 caesarrs
958 3041 1257 3136 beneficiarium,
1279 3048 1471 3146 circaquae
1492 3049 1520 3124 si

248 3147 384 3218 oriatur
410 3139 649 3216 controversra
664 3191 678 3231 ‚
695 3139 788 3212 illius
812 3139 1144 3228 determinationem
1173 3141 1216 3214 ad
1235 3144 1340 3243 hujus
1355 3143 1520 3244 sparsisse

250 3239 428 3316 Tubunal
445 3238 488 3312 ad
507 3237 603 3337 quod
619 3236 785 3335 appellet.

248 3390 340 3516 Bulla
358 3429 701 3532 adversttsLevdieuses
708 3428 871 3526 suppetias
879 3431 952 3528 fert
969 3432 1138 3506 Brabauta
1153 3448 1248 3530 atque
1265 3436 1384 3522 dusius
1400 3445 1521 3530 varri&¹

248 3589 251 3597 .
437 3557 496 3630 que
514 3533 673 3606 Arbitris
693 3529 898 3626 adjudicatur
923 3536 953 3604 ei
979 3533 1158 3605 Comitatus
1173 3535 1334 3628 Laffeafis.
1358 3625 1360 3630 Ι

344 3723 475 3800 Dolsus
501 3689 698 3826 Episcopus
733 3721 771 3798 dt
801 3723 1011 3895 Capitulum
1045 3723 1241 3800 Leodiense
1264 3695 1358 3810 anno
1388 3733 1437 3828 '13
1440 3750 1474 3900 ὃ
1487 3739 1524 3832 u

346 3823 581 3896 Mechliniam
607 3823 836 3897 vendiderant
888 3822 1044 3895 udovico
1069 3821 1215 3898 Malano
1240 3824 1421 3904 Flandriae,
1447 3907 1450 3916 ,
1475 3853 1517 3901 o·
1545 3829 1550 3834 “

247 3923 330 3996 miti
357 3952 370 4007 ι
395 3917 487 3992 hisce
505 3921 598 3992 inter
617 3940 763 3994 caeteras
780 3917 1075 4010 conditionibus,
1111 3939 1154 3992 ut
1179 3919 1239 3994 illa
1263 3925 1406 4012 uniatur¹
1429 3925 1512 3998 reli·
1549 3924 1557 3936 “

248 4045 321 4122 quo
335 4017 458 4096 totius
472 4013 647 4115 Flandriae
674 4016 862 4117 Corpori,
889 4039 955 4092 nec
971 4014 1220 4095 'dismembrati
1233 4019 1290 4112 ¹als
1316 4043 1357 4108 ea
1378 4019 1518 4123 poffit'5
1546 4033 1561 4066 ³
